nombre,enlace,link_imagen,precio,valor_nutricional,oferta,precio_por_peso
Bacon en tiras Nuestra Alacena de Dia bandeja 2 x 100 g,https://www.dia.es/charcuteria-y-quesos/jamon-cocido-lacon-fiambres-y-mortadela/p/273750,https://www.dia.es/product_images/273750/273750_ISO_0_ES.jpg?imwidth=392,"1,76 €",Grasas 25g de las cuales saturadas 9g Hidratos de Carbono 1g de los cuales azúcares 0.8g Proteínas 15g Sal 2g,No disponible,"(8,80 €/KILO)"
Pechuga de pavo Nuestra Alacena de Dia sobre 2 x 200 g,https://www.dia.es/charcuteria-y-quesos/jamon-cocido-lacon-fiambres-y-mortadela/p/273810,https://www.dia.es/product_images/273810/273810_ISO_0_ES.jpg?imwidth=392,"3,30 €",Grasas 0.5g de las cuales saturadas 0.2g Hidratos de Carbono 0.5g de los cuales azúcares 0.5g Proteínas 17g Sal 1.85g,No disponible,"(8,25 €/KILO)"
Jamón cocido extra Nuestra Alacena de Dia sobre 2 x 225 g,https://www.dia.es/charcuteria-y-quesos/jamon-cocido-lacon-fiambres-y-mortadela/p/273957,https://www.dia.es/product_images/273957/273957_ISO_0_ES.jpg?imwidth=392,"3,45 €",Grasas 2.5g de las cuales saturadas 0.9g Hidratos de Carbono 0.3g de los cuales azúcares 0.3g Proteínas 18.5g Sal 1.9g,No disponible,"(7,67 €/KILO)"
Jamón cocido extra bajo en sal Nuestra Alacena de Dia sobre 200 g,https://www.dia.es/charcuteria-y-quesos/jamon-cocido-lacon-fiambres-y-mortadela/p/273736,https://www.dia.es/product_images/273736/273736_ISO_0_ES.jpg?imwidth=392,"1,99 €",Grasas 2g de las cuales saturadas 0.8g Hidratos de Carbono 1.3g de los cuales azúcares 1.3g Proteínas 18g Sal 1.4g,No disponible,"(9,95 €/KILO)"
Bacon en lonchas Nuestra Alacena de Dia sobre 200 g,https://www.dia.es/charcuteria-y-quesos/jamon-cocido-lacon-fiambres-y-mortadela/p/273749,https://www.dia.es/product_images/273749/273749_ISO_0_ES.jpg?imwidth=392,"1,99 €",Grasas 25g de las cuales saturadas 9g Hidratos de Carbono 1g de los cuales azúcares 0.8g Proteínas 15g Sal 2g,No disponible,"(9,95 €/KILO)"
Mortadela con aceitunas Nuestra Alacena de Dia sobre 250 g,https://www.dia.es/charcuteria-y-quesos/jamon-cocido-lacon-fiambres-y-mortadela/p/273961,https://www.dia.es/product_images/273961/273961_ISO_0_ES.jpg?imwidth=392,"1,25 €",Grasas 21g de las cuales saturadas 7.4g Hidratos de Carbono 6.3g de los cuales azúcares 1g Proteínas 10g Sal 2.1g,No disponible,"(5,00 €/KILO)"
Mortadela Nuestra Alacena de Dia sobre 250 g,https://www.dia.es/charcuteria-y-quesos/jamon-cocido-lacon-fiambres-y-mortadela/p/273960,https://www.dia.es/product_images/273960/273960_ISO_0_ES.jpg?imwidth=392,"1,25 €",Grasas 24g de las cuales saturadas 8.4g Hidratos de Carbono 4.5g de los cuales azúcares 0.8g Proteínas 12g Sal 2g,No disponible,"(5,00 €/KILO)"
Jamón cocido extra 97% carne Nuestra Alacena de Dia sobre 150 g,https://www.dia.es/charcuteria-y-quesos/jamon-cocido-lacon-fiambres-y-mortadela/p/273737,https://www.dia.es/product_images/273737/273737_ISO_0_ES.jpg?imwidth=392,"1,99 €",Grasas 2g de las cuales saturadas 0.7g Hidratos de Carbono 0.5g de los cuales azúcares 0.5g Proteínas 20g Sal 1.93g,No disponible,"(13,27 €/KILO)"
Jamón de pavo Nuestra Alacena de Dia sobre 200 g,https://www.dia.es/charcuteria-y-quesos/jamon-cocido-lacon-fiambres-y-mortadela/p/273733,https://www.dia.es/product_images/273733/273733_ISO_0_ES.jpg?imwidth=392,"1,48 €",Grasas 4g de las cuales saturadas 1.4g Hidratos de Carbono 2g de los cuales azúcares 0.5g Proteínas 14g Sal 1.92g,No disponible,"(7,40 €/KILO)"
Jamón cocido extra Elpozo 1954 sobre 150 g,https://www.dia.es/charcuteria-y-quesos/jamon-cocido-lacon-fiambres-y-mortadela/p/146710,https://www.dia.es/product_images/146710/146710_ISO_0_ES.jpg?imwidth=392,"2,00 €",Grasas 3.5g de las cuales saturadas 1.2g Hidratos de Carbono 0.5g de los cuales azúcares 0.5g Proteínas 19.4g Sal 1.9g,No disponible,"(13,33 €/KILO)"
Pechuga de pavo braseado Campofrío sobre 75 g,https://www.dia.es/charcuteria-y-quesos/jamon-cocido-lacon-fiambres-y-mortadela/p/300740,https://www.dia.es/product_images/300740/300740_ISO_0_ES.jpg?imwidth=392,"1,00 €",Grasas 1g de las cuales saturadas 0.4g Hidratos de Carbono 4g de los cuales azúcares 2g Fibra alimentaria 0g Proteínas 14g Sal 2g,3 eur dto comprando 15 eur selección campofri,No disponible
Pechuga de pavo 90% carne Nuestra Alacena de Dia sobre 120 g,https://www.dia.es/charcuteria-y-quesos/jamon-cocido-lacon-fiambres-y-mortadela/p/273965,https://www.dia.es/product_images/273965/273965_ISO_0_ES.jpg?imwidth=392,"2,19 €",Grasas 0.5g de las cuales saturadas 0.1g Hidratos de Carbono 0.5g de los cuales azúcares 0.5g Proteínas 21g Sal 1.85g,No disponible,"(18,25 €/KILO)"
Lacón ahumado Nuestra Alacena de Dia sobre 150 g,https://www.dia.es/charcuteria-y-quesos/jamon-cocido-lacon-fiambres-y-mortadela/p/303491,https://www.dia.es/product_images/303491/303491_ISO_0_ES.jpg?imwidth=392,"1,79 €",Grasas 4.5g de las cuales saturadas 1.5g Hidratos de Carbono 1g de los cuales azúcares 1g Proteínas 19g Sal 2.2g,No disponible,"(11,93 €/KILO)"
Fiambre de york Elpozo sobre 300 g,https://www.dia.es/charcuteria-y-quesos/jamon-cocido-lacon-fiambres-y-mortadela/p/137167,https://www.dia.es/product_images/137167/137167_ISO_0_ES.jpg?imwidth=392,"2,00 €",Grasas 3.5g de las cuales saturadas 1.2g Hidratos de Carbono 11g de los cuales azúcares 2g Proteínas 11.8g Sal 3g,No disponible,"(6,67 €/KILO)"
Pechuga de pavo bajo en sal Nuestra Alacena de Dia sobre 200 g,https://www.dia.es/charcuteria-y-quesos/jamon-cocido-lacon-fiambres-y-mortadela/p/273731,https://www.dia.es/product_images/273731/273731_ISO_0_ES.jpg?imwidth=392,"1,87 €",Grasas 1.4g de las cuales saturadas 0.5g Hidratos de Carbono 1.5g de los cuales azúcares 1.5g Proteínas 17g Sal 1.3g,No disponible,"(9,35 €/KILO)"
Cabeza de jabalí Nuestra Alacena de Dia sobre 150 g,https://www.dia.es/charcuteria-y-quesos/jamon-cocido-lacon-fiambres-y-mortadela/p/300354,https://www.dia.es/product_images/300354/300354_ISO_0_ES.jpg?imwidth=392,"1,69 €",Grasas 25g de las cuales saturadas 10g Hidratos de Carbono 0g de los cuales azúcares 0g Proteínas 16g Sal 2.4g,No disponible,"(11,27 €/KILO)"
Chopped pork Nuestra Alacena de Dia sobre 250 g,https://www.dia.es/charcuteria-y-quesos/jamon-cocido-lacon-fiambres-y-mortadela/p/273959,https://www.dia.es/product_images/273959/273959_ISO_0_ES.jpg?imwidth=392,"1,39 €",Grasas 12g de las cuales saturadas 4.2g Hidratos de Carbono 5g de los cuales azúcares 1g Proteínas 12g Sal 2.2g,No disponible,"(5,56 €/KILO)"
Pechuga de pavo Elpozo sobre 80 g,https://www.dia.es/charcuteria-y-quesos/jamon-cocido-lacon-fiambres-y-mortadela/p/302289,https://www.dia.es/product_images/302289/302289_ISO_0_ES.jpg?imwidth=392,"1,00 €",Grasas 1g de las cuales saturadas 0.3g Hidratos de Carbono 6g de los cuales azúcares 1.2g Proteínas 12g Sal 2.4g,No disponible,"(12,50 €/KILO)"
Pechuga de pollo braseado Nuestra Alacena de Dia sobre 200 g,https://www.dia.es/charcuteria-y-quesos/jamon-cocido-lacon-fiambres-y-mortadela/p/274101,https://www.dia.es/product_images/274101/274101_ISO_0_ES.jpg?imwidth=392,"2,15 €",Grasas 1.5g de las cuales saturadas 0.5g Hidratos de Carbono 0.7g de los cuales azúcares 0.4g Proteínas 17g Sal 1.9g,No disponible,"(10,75 €/KILO)"
Jamón cocido Elpozo sobre 80 g,https://www.dia.es/charcuteria-y-quesos/jamon-cocido-lacon-fiambres-y-mortadela/p/298369,https://www.dia.es/product_images/298369/298369_ISO_0_ES.jpg?imwidth=392,"1,00 €",Grasas 1.5g de las cuales saturadas 0.5g Hidratos de Carbono 1.5g de los cuales azúcares 1.3g Proteínas 18g Sal 1.9g,No disponible,"(12,50 €/KILO)"
Bacon Oscar mayer sobre 150 g,https://www.dia.es/charcuteria-y-quesos/jamon-cocido-lacon-fiambres-y-mortadela/p/67934,https://www.dia.es/product_images/67934/67934_ISO_0_ES.jpg?imwidth=392,"2,29 €",Grasas 36g de las cuales saturadas 12g Hidratos de Carbono 1.4g de los cuales azúcares 1.4g Fibra alimentaria 0g Proteínas 14g Sal 2.8g,No disponible,"(15,27 €/KILO)"
Magro de cerdo cocido Nuestra Alacena de Dia lata 200 g,https://www.dia.es/charcuteria-y-quesos/jamon-cocido-lacon-fiambres-y-mortadela/p/66118,https://www.dia.es/product_images/66118/66118_ISO_0_ES.jpg?imwidth=392,"2,35 €",Grasas 21.5g de las cuales saturadas 0.1g Hidratos de Carbono 2.9g de los cuales azúcares 0.9g Fibra alimentaria 0.3g Proteínas 12.2g Sal 2.96g,No disponible,"(11,75 €/KILO)"
Mortadela ibérica Legado Ibérico bandeja 150 g,https://www.dia.es/charcuteria-y-quesos/jamon-cocido-lacon-fiambres-y-mortadela/p/30591,https://www.dia.es/product_images/30591/30591_ISO_0_ES.jpg?imwidth=392,"2,00 €",Grasas 19g de las cuales saturadas 6.5g Hidratos de Carbono 4.5g de los cuales azúcares 1g Proteínas 12g Sal 2.1g,No disponible,"(13,33 €/KILO)"
Paleta cocida Nuestra Alacena de Dia sobre 180 g,https://www.dia.es/charcuteria-y-quesos/jamon-cocido-lacon-fiambres-y-mortadela/p/303612,https://www.dia.es/product_images/303612/303612_ISO_0_ES.jpg?imwidth=392,"1,99 €",Grasas 4g de las cuales saturadas 1g Hidratos de Carbono 2g de los cuales azúcares 1.5g Proteínas 19g Sal 2.2g,No disponible,"(11,06 €/KILO)"
Pechuga de pollo + proteínas Elpozo Bienstar sobre 130 g,https://www.dia.es/charcuteria-y-quesos/jamon-cocido-lacon-fiambres-y-mortadela/p/301986,https://www.dia.es/product_images/301986/301986_ISO_0_ES.jpg?imwidth=392,"2,00 €",Grasas 1g de las cuales saturadas 0.3g Hidratos de Carbono 0.5g de los cuales azúcares 0.5g Proteínas 22g Sal 1.8g,No disponible,"(15,38 €/KILO)"
Pechuga de pavo + proteínas Elpozo Bienstar sobre 130 g,https://www.dia.es/charcuteria-y-quesos/jamon-cocido-lacon-fiambres-y-mortadela/p/301985,https://www.dia.es/product_images/301985/301985_ISO_0_ES.jpg?imwidth=392,"2,00 €",Grasas 0.5g de las cuales saturadas 0.2g Hidratos de Carbono 0.5g de los cuales azúcares 0.5g Proteínas 22g Sal 1.8g,No disponible,"(15,38 €/KILO)"
Jamón cocido extra reducido en sal Nuestra Alacena de Dia sobre 150 g,https://www.dia.es/charcuteria-y-quesos/jamon-cocido-lacon-fiambres-y-mortadela/p/301086,https://www.dia.es/product_images/301086/301086_ISO_0_ES.jpg?imwidth=392,"1,99 €",Grasas 2g de las cuales saturadas 0.7g Hidratos de Carbono 1g de los cuales azúcares 1g Proteínas 20g Sal 1.35g,No disponible,"(13,27 €/KILO)"
Pechuga de pavo bajo en grasa y reducido en sal Nuestra Alacena de Dia 500 g,https://www.dia.es/charcuteria-y-quesos/jamon-cocido-lacon-fiambres-y-mortadela/p/300613,https://www.dia.es/product_images/300613/300613_ISO_0_ES.jpg?imwidth=392,"3,99 €",Grasas 1.1g de las cuales saturadas 0.3g Hidratos de Carbono 0.5g de los cuales azúcares 0.5g Proteínas 14g Sal 1.4g,No disponible,"(7,98 €/KILO)"
Jamón cocido extra Nuestra Alacena de Dia sobre 250 g,https://www.dia.es/charcuteria-y-quesos/jamon-cocido-lacon-fiambres-y-mortadela/p/300419,https://www.dia.es/product_images/300419/300419_ISO_0_ES.jpg?imwidth=392,"2,25 €",Grasas 2g de las cuales saturadas 0.7g Hidratos de Carbono 1.5g de los cuales azúcares 0.8g Proteínas 18g Sal 1.93g,No disponible,"(9,00 €/KILO)"
Chopped lata Nuestra Alacena de Dia Dia sobre 150 g,https://www.dia.es/charcuteria-y-quesos/jamon-cocido-lacon-fiambres-y-mortadela/p/300126,https://www.dia.es/product_images/300126/300126_ISO_0_ES.jpg?imwidth=392,"1,49 €",Grasas 13g de las cuales saturadas 5.4g Hidratos de Carbono 6g de los cuales azúcares 0g Proteínas 12g Sal 2.4g,No disponible,"(9,93 €/KILO)"
Jamón cocido extra Nuestra Alacena de Dia sobre 200 g,https://www.dia.es/charcuteria-y-quesos/jamon-cocido-lacon-fiambres-y-mortadela/p/298528,https://www.dia.es/product_images/298528/298528_ISO_0_ES.jpg?imwidth=392,"1,99 €",Grasas 2.5g de las cuales saturadas 0.9g Hidratos de Carbono 0.3g de los cuales azúcares 0.3g Proteínas 18.5g Sal 1.9g,No disponible,"(9,95 €/KILO)"
Pavo trufado con pistachos Serrano sobre 150 g,https://www.dia.es/charcuteria-y-quesos/jamon-cocido-lacon-fiambres-y-mortadela/p/296598,https://www.dia.es/product_images/296598/296598_ISO_0_ES.jpg?imwidth=392,"1,79 €",No disponible,No disponible,"(11,93 €/KILO)"
Jamón cocido extra braseado Nuestra Alacena de Dia sobre 150 g,https://www.dia.es/charcuteria-y-quesos/jamon-cocido-lacon-fiambres-y-mortadela/p/296230,https://www.dia.es/product_images/296230/296230_ISO_0_ES.jpg?imwidth=392,"2,25 €",Grasas 2g de las cuales saturadas 0.7g Hidratos de Carbono 0.5g de los cuales azúcares 0.5g Proteínas 20g Sal 1.93g,No disponible,"(15,00 €/KILO)"
Chopped pork Nuestra Alacena de Dia 500 g,https://www.dia.es/charcuteria-y-quesos/jamon-cocido-lacon-fiambres-y-mortadela/p/274755,https://www.dia.es/product_images/274755/274755_ISO_0_ES.jpg?imwidth=392,"2,25 €",Grasas 11.5g de las cuales saturadas 4g Hidratos de Carbono 5.5g de los cuales azúcares 1g Proteínas 12g Sal 2.2g,No disponible,"(4,50 €/KILO)"
Mortadela Nuestra Alacena de Dia 500 g,https://www.dia.es/charcuteria-y-quesos/jamon-cocido-lacon-fiambres-y-mortadela/p/274754,https://www.dia.es/product_images/274754/274754_ISO_0_ES.jpg?imwidth=392,"1,99 €",Grasas 20g de las cuales saturadas 7g Hidratos de Carbono 5g de los cuales azúcares 0.5g Proteínas 10g Sal 2.1g,No disponible,"(3,98 €/KILO)"
Pechuga de pollo Nuestra Alacena de Dia sobre 200 g,https://www.dia.es/charcuteria-y-quesos/jamon-cocido-lacon-fiambres-y-mortadela/p/274104,https://www.dia.es/product_images/274104/274104_ISO_0_ES.jpg?imwidth=392,"1,99 €",Grasas 1.5g de las cuales saturadas 0.5g Hidratos de Carbono 0.7g de los cuales azúcares 0.4g Proteínas 17g Sal 1.9g,No disponible,"(9,95 €/KILO)"
Pechuga de pavo braseado Nuestra Alacena de Dia sobre 200 g,https://www.dia.es/charcuteria-y-quesos/jamon-cocido-lacon-fiambres-y-mortadela/p/273964,https://www.dia.es/product_images/273964/273964_ISO_0_ES.jpg?imwidth=392,"2,39 €",Grasas 0.5g de las cuales saturadas 0.2g Hidratos de Carbono 0.5g de los cuales azúcares 0.5g Proteínas 17g Sal 1.85g,No disponible,"(11,95 €/KILO)"
Panceta curada Nuestra Alacena de Dia sobre 150 g,https://www.dia.es/charcuteria-y-quesos/jamon-cocido-lacon-fiambres-y-mortadela/p/273962,https://www.dia.es/product_images/273962/273962_ISO_0_ES.jpg?imwidth=392,"1,99 €",Grasas 40g de las cuales saturadas 14g Hidratos de Carbono 2g de los cuales azúcares 2g Proteínas 16g Sal 2g,No disponible,"(13,27 €/KILO)"
Jamón cocido extra sabor ahumado Nuestra Alacena de Dia sobre 250 g,https://www.dia.es/charcuteria-y-quesos/jamon-cocido-lacon-fiambres-y-mortadela/p/273958,https://www.dia.es/product_images/273958/273958_ISO_0_ES.jpg?imwidth=392,"2,75 €",Grasas 3g de las cuales saturadas 1.1g Hidratos de Carbono 1g de los cuales azúcares 0.8g Proteínas 18.5g Sal 1.8g,No disponible,"(11,00 €/KILO)"
Pavo maxi Nuestra Alacena de Dia 900 g + 100 g,https://www.dia.es/charcuteria-y-quesos/jamon-cocido-lacon-fiambres-y-mortadela/p/273954,https://www.dia.es/product_images/273954/273954_ISO_0_ES.jpg?imwidth=392,"2,99 €",Grasas 4.5g de las cuales saturadas 1.2g Hidratos de Carbono 10g de los cuales azúcares 1.5g Proteínas 10g Sal 2g,No disponible,"(3,32 €/KILO)"
Chopped de pavo Nuestra Alacena de Dia sobre 200 g,https://www.dia.es/charcuteria-y-quesos/jamon-cocido-lacon-fiambres-y-mortadela/p/273953,https://www.dia.es/product_images/273953/273953_ISO_0_ES.jpg?imwidth=392,"1,75 €",Grasas 6g de las cuales saturadas 1.6g Hidratos de Carbono 5.5g de los cuales azúcares 1g Proteínas 12.5g Sal 2g,No disponible,"(8,75 €/KILO)"
Mortadela de pavo Nuestra Alacena de Dia sobre 200 g,https://www.dia.es/charcuteria-y-quesos/jamon-cocido-lacon-fiambres-y-mortadela/p/273952,https://www.dia.es/product_images/273952/273952_ISO_0_ES.jpg?imwidth=392,"1,59 €",Grasas 10.5g de las cuales saturadas 2.8g Hidratos de Carbono 5.5g de los cuales azúcares 1.5g Proteínas 10.5g Sal 2.1g,No disponible,"(7,95 €/KILO)"
Mortadela Bologna I.G.P. Selección Mundial de Dia sobre 150 g,https://www.dia.es/charcuteria-y-quesos/jamon-cocido-lacon-fiambres-y-mortadela/p/273756,https://www.dia.es/product_images/273756/273756_ISO_0_ES.jpg?imwidth=392,"1,99 €",Grasas 25g de las cuales saturadas 9.5g Hidratos de Carbono 0g de los cuales azúcares 0g Proteínas 15g Sal 1.9g,No disponible,"(13,27 €/KILO)"
Bacon en taco Nuestra Alacena de Dia bolsa 300 g,https://www.dia.es/charcuteria-y-quesos/jamon-cocido-lacon-fiambres-y-mortadela/p/273751,https://www.dia.es/product_images/273751/273751_ISO_0_ES.jpg?imwidth=392,"2,99 €",Grasas 20g de las cuales saturadas 7g Hidratos de Carbono 1.5g de los cuales azúcares 0.8g Proteínas 16g Sal 2.2g,No disponible,"(9,97 €/KILO)"
Fiambre maxi york Nuestra Alacena de Dia sobre 400 g,https://www.dia.es/charcuteria-y-quesos/jamon-cocido-lacon-fiambres-y-mortadela/p/273742,https://www.dia.es/product_images/273742/273742_ISO_0_ES.jpg?imwidth=392,"1,90 €",Grasas 2.5g de las cuales saturadas 0.9g Hidratos de Carbono 10g de los cuales azúcares 1g Proteínas 12g Sal 2.2g,No disponible,"(4,75 €/KILO)"
Jamón de pavo con trufa y boletus Elpozo sobre 120 + 20 g,https://www.dia.es/charcuteria-y-quesos/jamon-cocido-lacon-fiambres-y-mortadela/p/255685,https://www.dia.es/product_images/255685/255685_ISO_0_ES.jpg?imwidth=392,"2,00 €",Grasas 2.8g de las cuales saturadas 0.8g Hidratos de Carbono 1.5g de los cuales azúcares 1.4g Proteínas 14.4g Sal 2.3g,No disponible,"(16,67 €/KILO)"
Jamón asado al horno Bonnatur sobre 100 g,https://www.dia.es/charcuteria-y-quesos/jamon-cocido-lacon-fiambres-y-mortadela/p/219690,https://www.dia.es/product_images/219690/219690_ISO_0_ES.jpg?imwidth=392,"2,00 €",No disponible,No disponible,"(20,00 €/KILO)"
Mortadela ahumada Mrm sobre 200 g,https://www.dia.es/charcuteria-y-quesos/jamon-cocido-lacon-fiambres-y-mortadela/p/207576,https://www.dia.es/product_images/207576/207576_ISO_0_ES.jpg?imwidth=392,"2,29 €",Grasas 23.3g de las cuales saturadas 8.8g Hidratos de Carbono 5.1g de los cuales azúcares 0.5g Proteínas 10.6g Sal 2.7g,No disponible,"(11,45 €/KILO)"
Lacón en tapas Mrm bandeja 200 g,https://www.dia.es/charcuteria-y-quesos/jamon-cocido-lacon-fiambres-y-mortadela/p/207575,https://www.dia.es/product_images/207575/207575_ISO_0_ES.jpg?imwidth=392,"4,09 €",Grasas 3.1g de las cuales saturadas 1.2g Hidratos de Carbono 1g de los cuales azúcares 0.5g Proteínas 19.5g Sal 2g,No disponible,"(20,45 €/KILO)"
Pechuguitas de pollo asada La carloteña bandeja 100 g,https://www.dia.es/charcuteria-y-quesos/jamon-cocido-lacon-fiambres-y-mortadela/p/182582,https://www.dia.es/product_images/182582/182582_ISO_0_ES.jpg?imwidth=392,"1,99 €",Grasas 5.8g de las cuales saturadas 1.9g Hidratos de Carbono 0.1g de los cuales azúcares 0.1g Proteínas 26.8g Sal 1.3g,No disponible,"(19,90 €/KILO)"
Fiambre de pavo sándwich Elpozo bandeja 270 + 30 g,https://www.dia.es/charcuteria-y-quesos/jamon-cocido-lacon-fiambres-y-mortadela/p/178002,https://www.dia.es/product_images/178002/178002_ISO_0_ES.jpg?imwidth=392,"2,00 €",Grasas 3g de las cuales saturadas 1g Hidratos de Carbono 9g de los cuales azúcares 0.5g Proteínas 9.5g Sal 2.4g,No disponible,"(7,41 €/KILO)"
Pechuga de pavo Elpozo Bienstar sobre 115 g,https://www.dia.es/charcuteria-y-quesos/jamon-cocido-lacon-fiambres-y-mortadela/p/170157,https://www.dia.es/product_images/170157/170157_ISO_0_ES.jpg?imwidth=392,"1,50 €",Grasas 0.5g de las cuales saturadas 0.1g Hidratos de Carbono 0.5g de los cuales azúcares 0.5g Proteínas 17g Sal 1.4g,No disponible,"(13,04 €/KILO)"
Chopped pork Campofrío sobre 95 g,https://www.dia.es/charcuteria-y-quesos/jamon-cocido-lacon-fiambres-y-mortadela/p/148433,https://www.dia.es/product_images/148433/148433_ISO_0_ES.jpg?imwidth=392,"1,00 €",Grasas 13g de las cuales saturadas 5.2g Hidratos de Carbono 7g de los cuales azúcares 1g Fibra alimentaria 0g Proteínas 11g Sal 2g,3 eur dto comprando 15 eur selección campofri,No disponible
Mortadela clásica Campofrío sobre 95 g,https://www.dia.es/charcuteria-y-quesos/jamon-cocido-lacon-fiambres-y-mortadela/p/148432,https://www.dia.es/product_images/148432/148432_ISO_0_ES.jpg?imwidth=392,"1,00 €",Grasas 24g de las cuales saturadas 9g Hidratos de Carbono 4g de los cuales azúcares 0.5g Fibra alimentaria 0g Proteínas 10g Sal 2g,3 eur dto comprando 15 eur selección campofri,No disponible
Turrón crujiente de chocolate con leche Dulce Noel Dia bolsa 140 g,https://www.dia.es/navidad/turrones/p/296017,https://www.dia.es/product_images/296017/296017_ISO_0_ES.jpg?imwidth=392,"1,29 €",Grasas 26.9g de las cuales saturadas 13.4g Hidratos de Carbono 61.1g de los cuales azúcares 52g Proteínas 6g Sal 0.23g,No disponible,"(9,21 €/KILO)"
Turrón de chocolate con arroz inflado clásico Suchard 260 g,https://www.dia.es/navidad/turrones/p/184614,https://www.dia.es/product_images/184614/184614_ISO_0_ES.jpg?imwidth=392,"3,99 €",Grasas 28g de las cuales saturadas 10g Hidratos de Carbono 58g de los cuales azúcares 50g Fibra alimentaria 3.8g Proteínas 7.6g Sal 0.18g,No disponible,"(17,35 €/KILO)"
Turrón de coco Dulce Noel Dia caja 150 g,https://www.dia.es/navidad/turrones/p/265844,https://www.dia.es/product_images/265844/265844_ISO_0_ES.jpg?imwidth=392,"1,15 €",Grasas 29g de las cuales saturadas 25g Hidratos de Carbono 47g de los cuales azúcares 45g Proteínas 4.7g Sal 0.08g,No disponible,"(7,67 €/KILO)"
Turrón de crema de cacahuete Dulce Noel Dia caja 150 g,https://www.dia.es/navidad/turrones/p/264742,https://www.dia.es/product_images/264742/264742_ISO_0_ES.jpg?imwidth=392,"1,19 €",Grasas 32g de las cuales saturadas 4.9g Hidratos de Carbono 43g de los cuales azúcares 39g Proteínas 18g Sal 0.04g,No disponible,"(7,93 €/KILO)"
Turrón de jijona Dulce Noel Dia caja 150 g,https://www.dia.es/navidad/turrones/p/265841,https://www.dia.es/product_images/265841/265841_ISO_0_ES.jpg?imwidth=392,"2,19 €",Grasas 37.5g de las cuales saturadas 4.1g Hidratos de Carbono 36g de los cuales azúcares 20g Proteínas 15g Sal 0g,No disponible,"(14,60 €/KILO)"
Turrón imperial de cacahuete Dulce Noel Dia caja 150 g,https://www.dia.es/navidad/turrones/p/264741,https://www.dia.es/product_images/264741/264741_ISO_0_ES.jpg?imwidth=392,"1,19 €",Grasas 25g de las cuales saturadas 3.4g Hidratos de Carbono 55g de los cuales azúcares 34g Proteínas 7.5g Sal 0.04g,No disponible,"(7,93 €/KILO)"
Turrón crujiente de chocolate blanco con galletas Dulce Noel Dia bolsa 150 g,https://www.dia.es/navidad/turrones/p/302907,https://www.dia.es/product_images/302907/302907_ISO_0_ES.jpg?imwidth=392,"1,99 €",Grasas 27.3g de las cuales saturadas 16.4g Hidratos de Carbono 61.4g de los cuales azúcares 52.7g Proteínas 6.8g Sal 0.22g,No disponible,"(13,27 €/KILO)"
Turrón de yema tostada Dulce Noel Dia caja 150 g,https://www.dia.es/navidad/turrones/p/264740,https://www.dia.es/product_images/264740/264740_ISO_0_ES.jpg?imwidth=392,"1,75 €",Grasas 25g de las cuales saturadas 2.8g Hidratos de Carbono 48g de los cuales azúcares 43g Proteínas 13g Sal 0.05g,No disponible,"(11,67 €/KILO)"
Turrón de pistacho Dulce Noel Dia caja 150 g,https://www.dia.es/navidad/turrones/p/295580,https://www.dia.es/product_images/295580/295580_ISO_0_ES.jpg?imwidth=392,"2,95 €",Grasas 40.7g de las cuales saturadas 20.8g Hidratos de Carbono 46g de los cuales azúcares 41.3g Proteínas 7.1g Sal 0.18g,No disponible,"(19,67 €/KILO)"
Surtido de turrones pralinés Dulce Noel Dia bolsa 140 g,https://www.dia.es/navidad/turrones/p/302677,https://www.dia.es/product_images/302677/302677_ISO_0_ES.jpg?imwidth=392,"2,39 €",Grasas 35.5g de las cuales saturadas 19.1g Hidratos de Carbono 54.5g de los cuales azúcares 53.7g Proteínas 5.1g Sal 0.15g,No disponible,"(17,07 €/KILO)"
Turrón crujiente de chocolate negro Dulce Noel Dia bolsa 150 g,https://www.dia.es/navidad/turrones/p/302901,https://www.dia.es/product_images/302901/302901_ISO_0_ES.jpg?imwidth=392,"1,99 €",Grasas 31.5g de las cuales saturadas 16.3g Hidratos de Carbono 47.8g de los cuales azúcares 36.9g Proteínas 7.3g Sal 0.08g,No disponible,"(13,27 €/KILO)"
Surtido de turrones de chocolate crujientes Dulce Noel Dia bolsa 140 g,https://www.dia.es/navidad/turrones/p/284266,https://www.dia.es/product_images/284266/284266_ISO_0_ES.jpg?imwidth=392,"2,39 €",Grasas 32.3g de las cuales saturadas 17.2g Hidratos de Carbono 56g de los cuales azúcares 50g,No disponible,"(17,07 €/KILO)"
Turrón de fruta Dulce Noel Dia caja 150 g,https://www.dia.es/navidad/turrones/p/265845,https://www.dia.es/product_images/265845/265845_ISO_0_ES.jpg?imwidth=392,"1,75 €",Grasas 16g de las cuales saturadas 1.3g Hidratos de Carbono 52g de los cuales azúcares 47g Proteínas 7.3g Sal 0.05g,No disponible,"(11,67 €/KILO)"
Turrón con dulce de leche Dulce Noel Dia caja 150 g,https://www.dia.es/navidad/turrones/p/273480,https://www.dia.es/product_images/273480/273480_ISO_0_ES.jpg?imwidth=392,"2,50 €",Grasas 25.2g de las cuales saturadas 14.5g Hidratos de Carbono 57.2g de los cuales azúcares 56.9g Proteínas 7.1g Sal 0.19g,No disponible,"(16,67 €/KILO)"
Turrón crujiente de chocolate con galletas Dulce Noel Dia bolsa 150 g,https://www.dia.es/navidad/turrones/p/302906,https://www.dia.es/product_images/302906/302906_ISO_0_ES.jpg?imwidth=392,"1,99 €",Grasas 28g de las cuales saturadas 14.2g Hidratos de Carbono 59.3g de los cuales azúcares 49.6g Proteínas 5.7g Sal 0.2g,No disponible,"(13,27 €/KILO)"
Turrón crujiente de chocolate blanco Dulce Noel Dia bolsa 150 g,https://www.dia.es/navidad/turrones/p/302902,https://www.dia.es/product_images/302902/302902_ISO_0_ES.jpg?imwidth=392,"1,99 €",Grasas 30.1g de las cuales saturadas 17.5g Hidratos de Carbono 59.2g de los cuales azúcares 51.7g Proteínas 6.8g Sal 0.24g,No disponible,"(13,27 €/KILO)"
Surtido de mini turrones Dulce Noel Dia caja 280 g,https://www.dia.es/navidad/turrones/p/273484,https://www.dia.es/product_images/273484/273484_ISO_0_ES.jpg?imwidth=392,"4,29 €",Grasas 30.4g de las cuales saturadas 6.5g Hidratos de Carbono 49.3g de los cuales azúcares 37.7g Proteínas 9.5g Sal 0.07g,No disponible,"(15,32 €/KILO)"
Turrón de jijona artesano Dulce Noel Dia bolsa 240 g,https://www.dia.es/navidad/turrones/p/264736,https://www.dia.es/product_images/264736/264736_ISO_0_ES.jpg?imwidth=392,"3,99 €",Grasas 35g de las cuales saturadas 3.2g Hidratos de Carbono 38g de los cuales azúcares 23g Proteínas 19g Sal 0.06g,No disponible,"(16,63 €/KILO)"
Turrón crujiente de chocolate sin azúcares añadidos Dulce Noel Dia bolsa 110 g,https://www.dia.es/navidad/turrones/p/302675,https://www.dia.es/product_images/302675/302675_ISO_0_ES.jpg?imwidth=392,"1,89 €",Grasas 30.3g de las cuales saturadas 17.4g Hidratos de Carbono 58g de los cuales azúcares 6g Proteínas 5.8g Sal 0.16g Polialcoholes 42.6g,No disponible,"(17,18 €/KILO)"
Turrón extrafino Filipinos Nestlé bolsa 230 g,https://www.dia.es/navidad/turrones/p/303489,https://www.dia.es/product_images/303489/303489_ISO_0_ES.jpg?imwidth=392,"3,99 €",Grasas 33.8g de las cuales saturadas 18.5g Hidratos de Carbono 57.3g de los cuales azúcares 44.3g Fibra alimentaria 1.4g Proteínas 5g Sal 0.07g,No disponible,"(17,35 €/KILO)"
Turrón de mandarina relleno de avellana Dulce Noel Dia bolsa 250 g,https://www.dia.es/navidad/turrones/p/302674,https://www.dia.es/product_images/302674/302674_ISO_0_ES.jpg?imwidth=392,"4,29 €",Grasas 36g de las cuales saturadas 11g Hidratos de Carbono 45g de los cuales azúcares 35g Proteínas 7.4g Sal 0.09g,No disponible,"(17,16 €/KILO)"
Turrón blando crujiente Dulce Noel Dia bolsa 250 g,https://www.dia.es/navidad/turrones/p/302673,https://www.dia.es/product_images/302673/302673_ISO_0_ES.jpg?imwidth=392,"3,99 €",Grasas 36g de las cuales saturadas 5.1g Hidratos de Carbono 35g de los cuales azúcares 31g Proteínas 15g Sal 0.1g,No disponible,"(15,96 €/KILO)"
Turrón praliné con crema de cacahuete al toque sal Dulce Noel Dia caja 150 g,https://www.dia.es/navidad/turrones/p/302672,https://www.dia.es/product_images/302672/302672_ISO_0_ES.jpg?imwidth=392,"2,50 €",Grasas 36g de las cuales saturadas 15g Hidratos de Carbono 43g de los cuales azúcares 38g Proteínas 14g Sal 0.24g,No disponible,"(16,67 €/KILO)"
Turrón praliné con galleta caramelizada Dulce Noel Dia caja 150 g,https://www.dia.es/navidad/turrones/p/302671,https://www.dia.es/product_images/302671/302671_ISO_0_ES.jpg?imwidth=392,"2,50 €",Grasas 35g de las cuales saturadas 20g Hidratos de Carbono 53g de los cuales azúcares 49g Proteínas 8.4g Sal 0.32g,No disponible,"(16,67 €/KILO)"
Turrón de chocolate y trocitos de galleta PrÍncipe Suchard 260 g,https://www.dia.es/navidad/turrones/p/295860,https://www.dia.es/product_images/295860/295860_ISO_0_ES.jpg?imwidth=392,"3,99 €",Grasas 28g de las cuales saturadas 11g Hidratos de Carbono 58g de los cuales azúcares 47g Fibra alimentaria 3.7g Proteínas 7.6g Sal 0.24g,No disponible,"(17,35 €/KILO)"
Turrón con crema de galleta belga Dulce Noel Dia caja 150 g,https://www.dia.es/navidad/turrones/p/295585,https://www.dia.es/product_images/295585/295585_ISO_0_ES.jpg?imwidth=392,"2,75 €",Grasas 32.9g de las cuales saturadas 12.2g Hidratos de Carbono 59g de los cuales azúcares 50.2g Proteínas 4.3g Sal 0.39g,No disponible,"(18,33 €/KILO)"
Turrón de chocolate con leche y galleta Nestlé Dinosaurus bolsa 230 g,https://www.dia.es/navidad/turrones/p/295526,https://www.dia.es/product_images/295526/295526_ISO_0_ES.jpg?imwidth=392,"3,99 €",Grasas 33.4g de las cuales saturadas 16.1g Hidratos de Carbono 57g de los cuales azúcares 43.1g Fibra alimentaria 2g Proteínas 5.3g Sal 0.35g,No disponible,"(17,35 €/KILO)"
Turrón de chocolate blanco Nestlé Jungly 229 g,https://www.dia.es/navidad/turrones/p/287853,https://www.dia.es/product_images/287853/287853_ISO_0_ES.jpg?imwidth=392,"3,99 €",Grasas 31.2g de las cuales saturadas 16.6g Hidratos de Carbono 58.4g de los cuales azúcares 53.7g Fibra alimentaria 0.6g Proteínas 6.9g Sal 0.23g,No disponible,"(17,42 €/KILO)"
Bombones rellenos de turrón Temptation de Dia bolsa 208 g,https://www.dia.es/azucar-chocolates-y-caramelos/chocolates-y-bombones/p/284267,https://www.dia.es/product_images/284267/284267_ISO_0_ES.jpg?imwidth=392,"3,75 €",Grasas 33.8g de las cuales saturadas 12.6g Hidratos de Carbono 48.3g de los cuales azúcares 47.9g Proteínas 8.6g Sal 0.07g,No disponible,"(18,03 €/KILO)"
Turrón artesano de yema tostada con naranja Dulce Noel Dia caja 240 g,https://www.dia.es/navidad/turrones/p/284265,https://www.dia.es/product_images/284265/284265_ISO_0_ES.jpg?imwidth=392,"3,99 €",Grasas 17.1g de las cuales saturadas 2.3g Hidratos de Carbono 56.2g de los cuales azúcares 54.1g Proteínas 9.1g Sal 0.05g,No disponible,"(16,63 €/KILO)"
Turrón de chocolate con leche Nestlé Jungly 232 g,https://www.dia.es/navidad/turrones/p/277572,https://www.dia.es/product_images/277572/277572_ISO_0_ES.jpg?imwidth=392,"3,99 €",Grasas 30.4g de las cuales saturadas 15.6g Hidratos de Carbono 58.3g de los cuales azúcares 49g Fibra alimentaria 1.6g Proteínas 6.7g Sal 0.2g,No disponible,"(17,20 €/KILO)"
Turrón de chocolate con almendras sin azúcar Dulce Noel Dia caja 175 g,https://www.dia.es/navidad/turrones/p/273483,https://www.dia.es/product_images/273483/273483_ISO_0_ES.jpg?imwidth=392,"2,85 €",Grasas 39.1g de las cuales saturadas 15.7g Hidratos de Carbono 42.7g de los cuales azúcares 5.7g Proteínas 9.8g Sal 0.12g Polialcoholes 35.5g,No disponible,"(16,29 €/KILO)"
Turrón imperial de almendras sin azúcar Dulce Noel Dia caja 150 g,https://www.dia.es/navidad/turrones/p/273482,https://www.dia.es/product_images/273482/273482_ISO_0_ES.jpg?imwidth=392,"2,60 €",Grasas 32g de las cuales saturadas 2.5g Hidratos de Carbono 42g de los cuales azúcares 3.4g Proteínas 20g Sal 0.04g,No disponible,"(17,33 €/KILO)"
Turrón de crema de almendras sin azúcar Dulce Noel Dia caja 150 g,https://www.dia.es/navidad/turrones/p/273481,https://www.dia.es/product_images/273481/273481_ISO_0_ES.jpg?imwidth=392,"2,60 €",Grasas 35g de las cuales saturadas 2.7g Hidratos de Carbono 31g de los cuales azúcares 3.4g Proteínas 21g Sal 0.04g,No disponible,"(17,33 €/KILO)"
Turrón praliné de ron con pasas Dulce Noel Dia caja 150 g,https://www.dia.es/navidad/turrones/p/265846,https://www.dia.es/product_images/265846/265846_ISO_0_ES.jpg?imwidth=392,"2,75 €",Grasas 37g de las cuales saturadas 21g Hidratos de Carbono 51g de los cuales azúcares 43g Proteínas 5g Sal 1.7g,No disponible,"(18,33 €/KILO)"
Turrón praliné de crema catalana Dulce Noel Dia caja 150 g,https://www.dia.es/navidad/turrones/p/265843,https://www.dia.es/product_images/265843/265843_ISO_0_ES.jpg?imwidth=392,"2,50 €",Grasas 45g de las cuales saturadas 26g Hidratos de Carbono 46g de los cuales azúcares 46g Proteínas 5.9g Sal 1.4g,No disponible,"(16,67 €/KILO)"
Turrón praliné de trufa Dulce Noel Dia caja 150 g,https://www.dia.es/navidad/turrones/p/265842,https://www.dia.es/product_images/265842/265842_ISO_0_ES.jpg?imwidth=392,"2,50 €",Grasas 41g de las cuales saturadas 23g Hidratos de Carbono 45g de los cuales azúcares 44g Proteínas 5.9g Sal 0.33g,No disponible,"(16,67 €/KILO)"
Turrón de chocolate con leche con almendras Dulce Noel Dia caja 175 g,https://www.dia.es/navidad/turrones/p/265839,https://www.dia.es/product_images/265839/265839_ISO_0_ES.jpg?imwidth=392,"2,50 €",Grasas 38.5g de las cuales saturadas 11.8g Hidratos de Carbono 41.4g de los cuales azúcares 39.8g Proteínas 10.5g Sal 0.17g Polialcoholes 36g,No disponible,"(14,29 €/KILO)"
Turrón de tres chocolates Dulce Noel Dia caja 150 g,https://www.dia.es/navidad/turrones/p/265831,https://www.dia.es/product_images/265831/265831_ISO_0_ES.jpg?imwidth=392,"2,75 €",Grasas 36g de las cuales saturadas 21g Hidratos de Carbono 54g de los cuales azúcares 54g Proteínas 5.5g Sal 0.14g,No disponible,"(18,33 €/KILO)"
Turrón de chocolate con cacahuete frito con miel Dulce Noel Dia caja 150 g,https://www.dia.es/navidad/turrones/p/264743,https://www.dia.es/product_images/264743/264743_ISO_0_ES.jpg?imwidth=392,"1,69 €",Grasas 34g de las cuales saturadas 15g Hidratos de Carbono 46g de los cuales azúcares 39g Proteínas 11g Sal 0.16g,No disponible,"(11,27 €/KILO)"
Turrón de alicante artesano Dulce Noel Dia 220 g,https://www.dia.es/navidad/turrones/p/264737,https://www.dia.es/product_images/264737/264737_ISO_0_ES.jpg?imwidth=392,"3,99 €",Grasas 36g de las cuales saturadas 2.9g Hidratos de Carbono 39g de los cuales azúcares 26g Proteínas 16g Sal 0.06g,No disponible,"(18,14 €/KILO)"
Turrón de chocolate negro con almendras Dulce Noel Dia caja 175 g,https://www.dia.es/navidad/turrones/p/264734,https://www.dia.es/product_images/264734/264734_ISO_0_ES.jpg?imwidth=392,"2,50 €",Grasas 39.8g de las cuales saturadas 15.9g Hidratos de Carbono 32.8g de los cuales azúcares 29.5g Proteínas 11.2g Sal 0.06g,No disponible,"(14,29 €/KILO)"
Turrón de chocolate negro con arroz inflado Suchard 260 g,https://www.dia.es/navidad/turrones/p/260100,https://www.dia.es/product_images/260100/260100_ISO_0_ES.jpg?imwidth=392,"3,99 €",Grasas 36g de las cuales saturadas 15g Hidratos de Carbono 46g de los cuales azúcares 39g Fibra alimentaria 6.9g Proteínas 8g Sal 0.04g,No disponible,"(17,35 €/KILO)"
Turrón de chocolate con arroz inflado Suchard 2 x 230 g,https://www.dia.es/navidad/turrones/p/260098,https://www.dia.es/product_images/260098/260098_ISO_0_ES.jpg?imwidth=392,"6,99 €",Grasas 28g de las cuales saturadas 10g Hidratos de Carbono 58g de los cuales azúcares 50g Fibra alimentaria 3.8g Proteínas 7.6g Sal 0.18g,No disponible,"(15,20 €/KILO)"
Turrón de chocolate con trozos de galleta oreo Suchard 260 g,https://www.dia.es/navidad/turrones/p/184619,https://www.dia.es/product_images/184619/184619_ISO_0_ES.jpg?imwidth=392,"3,99 €",Grasas 27g de las cuales saturadas 10g Hidratos de Carbono 58g de los cuales azúcares 48g Fibra alimentaria 4g Proteínas 7.4g Sal 0.34g,No disponible,"(17,35 €/KILO)"
Turrón de chocolate con trozos de galleta oreo blanco Suchard 260 g,https://www.dia.es/navidad/turrones/p/184618,https://www.dia.es/product_images/184618/184618_ISO_0_ES.jpg?imwidth=392,"3,99 €",Grasas 27g de las cuales saturadas 15g Hidratos de Carbono 61g de los cuales azúcares 53g Fibra alimentaria 0.8g Proteínas 7.2g Sal 0.45g,No disponible,"(17,35 €/KILO)"
Turrón de chocolate con almendras enteras Suchard 260 g,https://www.dia.es/navidad/turrones/p/184616,https://www.dia.es/product_images/184616/184616_ISO_0_ES.jpg?imwidth=392,"3,99 €",Grasas 32g de las cuales saturadas 10g Hidratos de Carbono 51g de los cuales azúcares 46g Fibra alimentaria 5g Proteínas 9.3g Sal 0.12g,No disponible,"(17,35 €/KILO)"
Turrón de alicante El lobo caja 150 g,https://www.dia.es/navidad/turrones/p/168092,https://www.dia.es/product_images/168092/168092_ISO_0_ES.jpg?imwidth=392,"3,99 €",No disponible,No disponible,"(26,60 €/KILO)"
Turrón de Alicante El lobo caja 185 g,https://www.dia.es/navidad/turrones/p/168090,https://www.dia.es/product_images/168090/168090_ISO_0_ES.jpg?imwidth=392,"3,99 €",No disponible,No disponible,"(21,57 €/KILO)"
Turrón de jijona El lobo caja 185 g,https://www.dia.es/navidad/turrones/p/168089,https://www.dia.es/product_images/168089/168089_ISO_0_ES.jpg?imwidth=392,"3,99 €",No disponible,No disponible,"(21,57 €/KILO)"
Turrón de guirlache de aragón Lacasa caja 240 g,https://www.dia.es/navidad/turrones/p/114019,https://www.dia.es/product_images/114019/114019_ISO_0_ES.jpg?imwidth=392,"5,49 €",Grasas 26.7g de las cuales saturadas 2.1g de las cuales monoinsaturadas 17.3g de las cuales poliinsaturadas 6.6g Hidratos de Carbono 54.6g de los cuales azúcares 52.9g Fibra alimentaria 6.4g Proteínas 10.6g Sal 0.02g Polialcoholes 0g,No disponible,"(22,88 €/KILO)"
Trufas al cacao puro Lacasa caja 85 g,https://www.dia.es/azucar-chocolates-y-caramelos/chocolates-y-bombones/p/241610,https://www.dia.es/product_images/241610/241610_ISO_0_ES.jpg?imwidth=392,"1,09 €",No disponible,No disponible,"(12,82 €/KILO)"
Surtido de lenguas de gato Temptation de Dia caja 60 g,https://www.dia.es/azucar-chocolates-y-caramelos/chocolates-y-bombones/p/302908,https://www.dia.es/product_images/302908/302908_ISO_0_ES.jpg?imwidth=392,"1,99 €",Grasas 35.6g de las cuales saturadas 22.2g Hidratos de Carbono 51.2g de los cuales azúcares 49.6g Proteínas 6.1g Sal 0.16g,No disponible,"(33,17 €/KILO)"
Chocolate mints Temptation de Dia caja 165 g,https://www.dia.es/azucar-chocolates-y-caramelos/chocolates-y-bombones/p/209656,https://www.dia.es/product_images/209656/209656_ISO_0_ES.jpg?imwidth=392,"1,99 €",Grasas 17g de las cuales saturadas 10g Hidratos de Carbono 70g de los cuales azúcares 61g Proteínas 3.5g Sal 0.03g,No disponible,"(12,06 €/KILO)"
Galletas de jengibre Dulce Noel Dia caja 300 g,https://www.dia.es/azucar-chocolates-y-caramelos/dulces-de-navidad/p/273488,https://www.dia.es/product_images/273488/273488_ISO_0_ES.jpg?imwidth=392,"2,59 €",Grasas 14g de las cuales saturadas 5g Hidratos de Carbono 70g de los cuales azúcares 31g Proteínas 4.5g Sal 1.4g,No disponible,"(8,63 €/KILO)"
Galletas con mantequilla Dulce Noel Dia caja 125 g,https://www.dia.es/azucar-chocolates-y-caramelos/dulces-de-navidad/p/295589,https://www.dia.es/product_images/295589/295589_ISO_0_ES.jpg?imwidth=392,"1,50 €",Grasas 25g de las cuales saturadas 17g Hidratos de Carbono 63g de los cuales azúcares 26g Proteínas 5.8g Sal 0.29g,No disponible,"(12,00 €/KILO)"
Barquillos rellenos de crema de turrón Dulce Noel Dia lata 200 g,https://www.dia.es/navidad/dulces-navidad/p/273438,https://www.dia.es/product_images/273438/273438_ISO_0_ES.jpg?imwidth=392,"2,99 €",Grasas 24.7gr de las cuales saturadas 18.1gr Hidratos de Carbono 66.6gr de los cuales azúcares 46.3gr Proteínas 5.7gr Sal 0.33gr,No disponible,"(14,95 €/KILO)"
Cortadillo relleno de cabello de Ángel La flor de Antequera caja 144 g,https://www.dia.es/azucar-chocolates-y-caramelos/dulces-de-navidad/p/296366,https://www.dia.es/product_images/296366/296366_ISO_0_ES.jpg?imwidth=392,"1,50 €",Grasas 15g de las cuales saturadas 1.7g Hidratos de Carbono 68g de los cuales azúcares 31g Proteínas 4g Sal 0.15g,No disponible,"(10,42 €/KILO)"
Barquillos rellenos de crema de cacao con avellanas Dulce Noel Dia lata 200 g,https://www.dia.es/navidad/dulces-navidad/p/273439,https://www.dia.es/product_images/273439/273439_ISO_0_ES.jpg?imwidth=392,"2,99 €",Grasas 18.7gr de las cuales saturadas 5.8gr Hidratos de Carbono 65.9gr de los cuales azúcares 45.1gr Proteínas 5.8gr Sal 0.33gr,No disponible,"(14,95 €/KILO)"
Fresas recubiertas con chocolate blanco Naturmundo de Dia bolsa 150 g,https://www.dia.es/patatas-fritas-encurtidos-y-frutos-secos/frutos-secos/p/294940,https://www.dia.es/product_images/294940/294940_ISO_0_ES.jpg?imwidth=392,"3,29 €",Grasas 18g de las cuales saturadas 11g Hidratos de Carbono 72g de los cuales azúcares 66g Proteínas 3.8g Sal 0.43g,No disponible,"(21,93 €/KILO)"
Calendario de adviento Muller&muller 75 g,https://www.dia.es/azucar-chocolates-y-caramelos/chocolates-y-bombones/p/35626,https://www.dia.es/product_images/35626/35626_ISO_0_ES.jpg?imwidth=392,"1,75 €",No disponible,No disponible,"(23,33 €/KILO)"
Cacahuetes recubiertos de 3 chocolates Naturmundo de Dia bolsa 200 g,https://www.dia.es/patatas-fritas-encurtidos-y-frutos-secos/frutos-secos/p/294942,https://www.dia.es/product_images/294942/294942_ISO_0_ES.jpg?imwidth=392,"2,79 €",Grasas 34g de las cuales saturadas 16g Hidratos de Carbono 39g de los cuales azúcares 37g Proteínas 16g Sal 0.08g,No disponible,"(13,95 €/KILO)"
Pistachos recubiertos de chocolate con leche Naturmundo de Dia bolsa 150 g,https://www.dia.es/patatas-fritas-encurtidos-y-frutos-secos/frutos-secos/p/294818,https://www.dia.es/product_images/294818/294818_ISO_0_ES.jpg?imwidth=392,"3,45 €",Grasas 35g de las cuales saturadas 15g Hidratos de Carbono 47g de los cuales azúcares 37g Proteínas 11g Sal 0.11g,No disponible,"(23,00 €/KILO)"
Láminas de chocolate blanco y trocitos de limón Temptation de Dia caja 100 g,https://www.dia.es/azucar-chocolates-y-caramelos/chocolates-y-bombones/p/302662,https://www.dia.es/product_images/302662/302662_ISO_0_ES.jpg?imwidth=392,"2,99 €",Grasas 31.4g de las cuales saturadas 20g Hidratos de Carbono 60.9g de los cuales azúcares 60.7g Proteínas 4.8g Sal 0.23g,No disponible,"(29,90 €/KILO)"
Naranja con chocolate negro Naturmundo de Dia bolsa 150 g,https://www.dia.es/frutas/frutas-deshidratadas/p/303031,https://www.dia.es/product_images/303031/303031_ISO_0_ES.jpg?imwidth=392,"2,99 €",Grasas 17g de las cuales saturadas 5.5g Hidratos de Carbono 68g de los cuales azúcares 62g Proteínas 2.7g Sal 0.2g,No disponible,"(19,93 €/KILO)"
Monedas de chocolate Crest malla 100 g,https://www.dia.es/azucar-chocolates-y-caramelos/chocolates-y-bombones/p/69241,https://www.dia.es/product_images/69241/69241_ISO_0_ES.jpg?imwidth=392,"1,50 €",Grasas 27g de las cuales saturadas 17g Hidratos de Carbono 62g de los cuales azúcares 61g Fibra alimentaria 2.2g Proteínas 6g Sal 0.27g,No disponible,"(15,00 €/KILO)"
Arándanos recubiertos de chocolate negro Naturmundo de Dia bolsa 150 g,https://www.dia.es/patatas-fritas-encurtidos-y-frutos-secos/frutos-secos/p/294817,https://www.dia.es/product_images/294817/294817_ISO_0_ES.jpg?imwidth=392,"2,99 €",Grasas 16g de las cuales saturadas 10g Hidratos de Carbono 68g de los cuales azúcares 63g Proteínas 2.4g Sal 0.04g,No disponible,"(19,93 €/KILO)"
Surtido de chocolatinas Celebrations caja 196 g,https://www.dia.es/azucar-chocolates-y-caramelos/chocolates-y-bombones/p/304149,https://www.dia.es/product_images/304149/304149_ISO_0_ES.jpg?imwidth=392,"3,99 €",Grasas 25g de las cuales saturadas 15g Hidratos de Carbono 62g de los cuales azúcares 55g Proteínas 5.5g Sal 0.39g,No disponible,"(20,36 €/KILO)"
Almendra con chocolate blanco y caramelo Naturmundo de Dia bolsa 150 g,https://www.dia.es/patatas-fritas-encurtidos-y-frutos-secos/frutos-secos/p/303035,https://www.dia.es/product_images/303035/303035_ISO_0_ES.jpg?imwidth=392,"2,99 €",Grasas 37g de las cuales saturadas 14g Hidratos de Carbono 43g de los cuales azúcares 43g Proteínas 13g Sal 0.2g,No disponible,"(19,93 €/KILO)"
Bombones rellenos de coco y almendra Ferrero Raffaello caja 150 g,https://www.dia.es/azucar-chocolates-y-caramelos/chocolates-y-bombones/p/85754,https://www.dia.es/product_images/85754/85754_ISO_0_ES.jpg?imwidth=392,"4,39 €",Grasas 48.6g de las cuales saturadas 29.7g Hidratos de Carbono 38.3g de los cuales azúcares 33.3g Proteínas 7.2g Sal 0.31g,No disponible,"(29,27 €/KILO)"
Bombones surtidos Nestlé Caja Roja caja 398 g,https://www.dia.es/azucar-chocolates-y-caramelos/chocolates-y-bombones/p/85341,https://www.dia.es/product_images/85341/85341_ISO_0_ES.jpg?imwidth=392,"11,99 €",Grasas 33.6g de las cuales saturadas 17.3g Hidratos de Carbono 54.1g de los cuales azúcares 50.9g Fibra alimentaria 2.9g Proteínas 6.7g Sal 0.15g,No disponible,"(30,13 €/KILO)"
Mantecados de limón La flor de Antequera caja 190 g,https://www.dia.es/navidad/polvorones-y-mantecados/p/287734,https://www.dia.es/product_images/287734/287734_ISO_0_ES.jpg?imwidth=392,"1,20 €",Grasas 24g de las cuales saturadas 9.4g Hidratos de Carbono 65g de los cuales azúcares 19g Fibra alimentaria 1.9g Proteínas 6.8g Sal 0.01g,No disponible,"(6,32 €/KILO)"
Surtido de mazapanes Dulce Noel Dia caja 300 g,https://www.dia.es/navidad/polvorones-y-mantecados/p/25251,https://www.dia.es/product_images/25251/25251_ISO_0_ES.jpg?imwidth=392,"2,99 €",No disponible,No disponible,"(9,97 €/KILO)"
Figuritas de mazapán Dulce Noel Dia caja 200 g,https://www.dia.es/navidad/polvorones-y-mantecados/p/3264,https://www.dia.es/product_images/3264/3264_ISO_0_ES.jpg?imwidth=392,"2,09 €",Grasas 24.6g de las cuales saturadas 2.2g Hidratos de Carbono 51.6g de los cuales azúcares 44.1g Proteínas 9.5g Sal 0.03g,No disponible,"(10,45 €/KILO)"
Selección de especialidades Dulce Noel Dia bandeja 700 g,https://www.dia.es/navidad/polvorones-y-mantecados/p/236265,https://www.dia.es/product_images/236265/236265_ISO_0_ES.jpg?imwidth=392,"5,99 €",Grasas 25.9g de las cuales saturadas 12.2g Hidratos de Carbono 61.5g de los cuales azúcares 28.9g Proteínas 5.4g Sal 0.52g,No disponible,"(8,56 €/KILO)"
Mantecados de almendra La flor de Antequera caja 190 g,https://www.dia.es/navidad/polvorones-y-mantecados/p/287702,https://www.dia.es/product_images/287702/287702_ISO_0_ES.jpg?imwidth=392,"1,20 €",Grasas 26g de las cuales saturadas 10g Hidratos de Carbono 61g de los cuales azúcares 22g Fibra alimentaria 2.5g Proteínas 7g Sal 0g,No disponible,"(6,32 €/KILO)"
Mantecados de canela La flor de Antequera caja 190 g,https://www.dia.es/navidad/polvorones-y-mantecados/p/287732,https://www.dia.es/product_images/287732/287732_ISO_0_ES.jpg?imwidth=392,"1,20 €",Grasas 24g de las cuales saturadas 9g de las cuales monoinsaturadas 12g de las cuales poliinsaturadas 2.3g Hidratos de Carbono 66g de los cuales azúcares 18g Fibra alimentaria 1.7g Proteínas 5g Sal 0g,No disponible,"(6,32 €/KILO)"
Mantecados de cacao La flor de Antequera caja 190 g,https://www.dia.es/navidad/polvorones-y-mantecados/p/287735,https://www.dia.es/product_images/287735/287735_ISO_0_ES.jpg?imwidth=392,"1,20 €",Grasas 24g de las cuales saturadas 10g Hidratos de Carbono 64g de los cuales azúcares 20g Fibra alimentaria 1.8g Proteínas 7g Sal 0g,No disponible,"(6,32 €/KILO)"
Surtido de hojaldradas clásicas y con naranja libro Dulce Noel Dia lata 350 g,https://www.dia.es/navidad/polvorones-y-mantecados/p/302669,https://www.dia.es/product_images/302669/302669_ISO_0_ES.jpg?imwidth=392,"6,99 €",No disponible,No disponible,"(19,97 €/KILO)"
Hojaldrinas Hojaldrina bolsa 400 g,https://www.dia.es/navidad/polvorones-y-mantecados/p/125266,https://www.dia.es/product_images/125266/125266_ISO_0_ES.jpg?imwidth=392,"4,75 €",Grasas 40g de las cuales saturadas 19g Hidratos de Carbono 47g de los cuales azúcares 9g Proteínas 5g Sal 0g,No disponible,"(11,88 €/KILO)"
Hojaldres nevaditos Dulce Noel Dia caja 230 g,https://www.dia.es/navidad/polvorones-y-mantecados/p/303231,https://www.dia.es/product_images/303231/303231_ISO_0_ES.jpg?imwidth=392,"1,99 €",Grasas 30.3g de las cuales saturadas 13.1g Hidratos de Carbono 59.7g de los cuales azúcares 9.51g Proteínas 4.9g Sal 0.91g,No disponible,"(8,65 €/KILO)"
Hojaldrada rellena de crema de cacao La flor de Antequera caja 160 g,https://www.dia.es/navidad/polvorones-y-mantecados/p/296367,https://www.dia.es/product_images/296367/296367_ISO_0_ES.jpg?imwidth=392,"1,50 €",Grasas 36g de las cuales saturadas 8.6g Hidratos de Carbono 57g de los cuales azúcares 45g Proteínas 4.3g Sal 0.1g,No disponible,"(10,71 €/KILO)"
Mini mantecados de mantequilla D.sancho melero caja 160 g,https://www.dia.es/navidad/polvorones-y-mantecados/p/303159,https://www.dia.es/product_images/303159/303159_ISO_0_ES.jpg?imwidth=392,"2,99 €",Grasas 25g de las cuales saturadas 15g Hidratos de Carbono 65g de los cuales azúcares 23g Proteínas 6g Sal 0g,No disponible,"(18,69 €/KILO)"
Mantecados de canela sin gluten Dulce Noel Dia caja 180 g,https://www.dia.es/navidad/polvorones-y-mantecados/p/302670,https://www.dia.es/product_images/302670/302670_ISO_0_ES.jpg?imwidth=392,"2,99 €",Grasas 26.7g de las cuales saturadas 9.6g Hidratos de Carbono 56.9g de los cuales azúcares 25.8g Proteínas 7.2g Sal 0.02g,No disponible,"(16,61 €/KILO)"
Polvorón tradicional La estepeña caja 450 g,https://www.dia.es/navidad/polvorones-y-mantecados/p/136828,https://www.dia.es/product_images/136828/136828_ISO_0_ES.jpg?imwidth=392,"5,39 €",No disponible,No disponible,"(11,98 €/KILO)"
Polvorones Blanco bandeja 500 g,https://www.dia.es/navidad/polvorones-y-mantecados/p/198818,https://www.dia.es/product_images/198818/198818_ISO_0_ES.jpg?imwidth=392,"4,29 €",Grasas 24.4g de las cuales saturadas 9.16g Hidratos de Carbono 64.11g de los cuales azúcares 24.99g Proteínas 5g Sal 5.23g,No disponible,"(8,58 €/KILO)"
Surtido de especialidades de almendra La vicaria estuche 600 g,https://www.dia.es/navidad/polvorones-y-mantecados/p/136669,https://www.dia.es/product_images/136669/136669_ISO_0_ES.jpg?imwidth=392,"5,79 €",Grasas 22.5g de las cuales saturadas 11.6g Hidratos de Carbono 66.9g de los cuales azúcares 17.2g Proteínas 7.5g Sal 0g,No disponible,"(9,65 €/KILO)"
Surtido de navidad La estepeña caja 850 g,https://www.dia.es/navidad/polvorones-y-mantecados/p/136798,https://www.dia.es/product_images/136798/136798_ISO_0_ES.jpg?imwidth=392,"8,99 €",No disponible,No disponible,"(10,58 €/KILO)"
Panettone de chocolate Dulce Noel Dia caja 500 g,https://www.dia.es/navidad/roscones-y-panettones/p/124134,https://www.dia.es/product_images/124134/124134_ISO_0_ES.jpg?imwidth=392,"4,29 €",Grasas 17g de las cuales saturadas 8.5g Hidratos de Carbono 48g de los cuales azúcares 22g Proteínas 7g Sal 0.4g,No disponible,"(8,58 €/KILO)"
Panettone de chocolate La hornada Dia bolsa 900 g,https://www.dia.es/navidad/roscones-y-panettones/p/260752,https://www.dia.es/product_images/260752/260752_ISO_0_ES.jpg?imwidth=392,"4,99 €",Grasas 17g de las cuales saturadas 8.5g Hidratos de Carbono 50g de los cuales azúcares 22g Proteínas 6.5g Sal 0.45g,No disponible,"(5,54 €/KILO)"
Panettone clásico con frutas Dulce Noel Dia caja 500 g,https://www.dia.es/navidad/roscones-y-panettones/p/62153,https://www.dia.es/product_images/62153/62153_ISO_0_ES.jpg?imwidth=392,"4,29 €",Grasas 13g de las cuales saturadas 6.2g Hidratos de Carbono 53g de los cuales azúcares 28g Proteínas 5.8g Sal 0.37g,No disponible,"(8,58 €/KILO)"
Panettone clásico La hornada Dia bolsa 900 g,https://www.dia.es/navidad/roscones-y-panettones/p/260753,https://www.dia.es/product_images/260753/260753_ISO_0_ES.jpg?imwidth=392,"4,99 €",Grasas 13g de las cuales saturadas 6.2g Hidratos de Carbono 53g de los cuales azúcares 28g Proteínas 5.8g Sal 0.45g,No disponible,"(5,54 €/KILO)"
Roscón de Reyes premium con nata El Horno Real Dia caja 875 g,https://www.dia.es/navidad/roscones-y-panettones/p/296874,https://www.dia.es/product_images/296874/296874_ISO_0_ES.jpg?imwidth=392,"9,99 €",Grasas 20g de las cuales saturadas 13.6g Hidratos de Carbono 37g de los cuales azúcares 19g Fibra alimentaria 1.2g Proteínas 5.1g Sal 0.45g,No disponible,"(11,10 €/KILO)"
Mini panettone de chocolate La hornada Dia bolsa 100 g,https://www.dia.es/navidad/roscones-y-panettones/p/260757,https://www.dia.es/product_images/260757/260757_ISO_0_ES.jpg?imwidth=392,"1,29 €",Grasas 19g de las cuales saturadas 12g Hidratos de Carbono 49g de los cuales azúcares 21g Proteínas 8g Sal 0.41g,No disponible,"(12,90 €/KILO)"
Pandoro con chocolate La hornada Dia bolsa 750 g,https://www.dia.es/navidad/roscones-y-panettones/p/224028,https://www.dia.es/product_images/224028/224028_ISO_0_ES.jpg?imwidth=392,"4,99 €",Grasas 17g de las cuales saturadas 8g Hidratos de Carbono 50g de los cuales azúcares 27g Proteínas 6.9g Sal 0.51g,No disponible,"(6,65 €/KILO)"
Pandoro de limón La hornada Dia bolsa 750 g,https://www.dia.es/navidad/roscones-y-panettones/p/296879,https://www.dia.es/product_images/296879/296879_ISO_0_ES.jpg?imwidth=392,"4,99 €",Grasas 17g de las cuales saturadas 8g Hidratos de Carbono 51g de los cuales azúcares 27g Proteínas 6.7g Sal 0.51g,No disponible,"(6,65 €/KILO)"
Mini panettone clásico El molino de Dia bolsa 100 g,https://www.dia.es/navidad/roscones-y-panettones/p/278086,https://www.dia.es/product_images/278086/278086_ISO_0_ES.jpg?imwidth=392,"1,29 €",Grasas 14g de las cuales saturadas 8.7g Hidratos de Carbono 54g de los cuales azúcares 27g Proteínas 7.1g Sal 0.35g,No disponible,"(12,90 €/KILO)"
Croquetas cremosas de gambón Al Punto Dia bolsa 300 g,https://www.dia.es/congelados/croquetas-y-rebozados/p/303138,https://www.dia.es/product_images/303138/303138_ISO_0_ES.jpg?imwidth=392,"2,99 €",Grasas 14g de las cuales saturadas 3.4g Hidratos de Carbono 18.7g de los cuales azúcares 6.6g Proteínas 7.4g Sal 1.08g,No disponible,"(9,97 €/KILO)"
Canelones de cochinillo Al Punto Dia caja 300 g,https://www.dia.es/congelados/lasanas-y-pasta/p/303107,https://www.dia.es/product_images/303107/303107_ISO_0_ES.jpg?imwidth=392,"2,49 €",Grasas 7.2g de las cuales saturadas 2.4g Hidratos de Carbono 15g de los cuales azúcares 1.7g Proteínas 7.6g Sal 0.9g,No disponible,"(8,30 €/KILO)"
Croquetas cremosas de queso azul y cebolla caramelizada Al Punto Dia bolsa 300 g,https://www.dia.es/congelados/croquetas-y-rebozados/p/303139,https://www.dia.es/product_images/303139/303139_ISO_0_ES.jpg?imwidth=392,"2,99 €",Grasas 13g de las cuales saturadas 4.6g Hidratos de Carbono 21.9g de los cuales azúcares 8.5g Proteínas 6.8g Sal 1.19g,No disponible,"(9,97 €/KILO)"
Langostino cocido grande 32/48 piezas Mari Marinera de Dia caja 800 g,https://www.dia.es/congelados/pescado-y-marisco/p/47403,https://www.dia.es/product_images/47403/47403_ISO_0_ES.jpg?imwidth=392,"7,99 €",Grasas 1.4g de las cuales saturadas 0.5g Hidratos de Carbono 0.5g Proteínas 21.6g Sal 1.8g,No disponible,"(9,99 €/KILO)"
Sucedáneo de angula con gambas refrigerado Mari Marinera de Dia bandeja 200 g,https://www.dia.es/pescados-mariscos-y-ahumados/sucedaneo-de-angulas-y-surimi/p/287250,https://www.dia.es/product_images/287250/287250_ISO_0_ES.jpg?imwidth=392,"2,89 €",Grasas 21g de las cuales saturadas 2.4g Hidratos de Carbono 5.4g de los cuales azúcares 1.1g Proteínas 7.7g Sal 1.9g,No disponible,"(14,45 €/KILO)"
Langostino crudo grande 32/48 piezas Mari Marinera de Dia caja 800 g,https://www.dia.es/congelados/pescado-y-marisco/p/47405,https://www.dia.es/product_images/47405/47405_ISO_0_ES.jpg?imwidth=392,"7,99 €",Grasas 1g de las cuales saturadas 0.3g Hidratos de Carbono 1.4g de los cuales azúcares 2g Proteínas 22.3g Sal 1.13g,No disponible,"(9,99 €/KILO)"
Canelones de foie y trufa Al Punto Dia caja 300 g,https://www.dia.es/congelados/lasanas-y-pasta/p/303106,https://www.dia.es/product_images/303106/303106_ISO_0_ES.jpg?imwidth=392,"2,49 €",Grasas 5.5g de las cuales saturadas 1.7g Hidratos de Carbono 12.9g de los cuales azúcares 2.1g Proteínas 7.7g Sal 0.78g,No disponible,"(8,30 €/KILO)"
Nécoras cocidas Mari Marinera de Dia bandeja 500 g,https://www.dia.es/congelados/pescado-y-marisco/p/266554,https://www.dia.es/product_images/266554/266554_ISO_0_ES.jpg?imwidth=392,"5,99 €",Grasas 5.1g de las cuales saturadas 0.7g Hidratos de Carbono 0g de los cuales azúcares 0g Proteínas 19.5g Sal 1.4g,No disponible,"(11,98 €/KILO)"
Hojaldre de salmón con crema de espinacas MSC Al Punto Dia caja 700 g,https://www.dia.es/congelados/pescado-y-marisco/p/295183,https://www.dia.es/product_images/295183/295183_ISO_0_ES.jpg?imwidth=392,"7,99 €",Grasas 16g de las cuales saturadas 9.6g Hidratos de Carbono 17g de los cuales azúcares 1.3g Proteínas 9.2g Sal 1.1g,No disponible,"(11,41 €/KILO)"
Gambón crudo Mari Marinera de Dia caja 800 g,https://www.dia.es/congelados/pescado-y-marisco/p/273235,https://www.dia.es/product_images/273235/273235_ISO_0_ES.jpg?imwidth=392,"9,99 €",Grasas 0.7g de las cuales saturadas 0.2g Hidratos de Carbono 0.7g Proteínas 19g Sal 0.64g,No disponible,"(12,49 €/KILO)"
Saquitos de marisco Al Punto Dia caja 150 g,https://www.dia.es/congelados/pescado-y-marisco/p/303143,https://www.dia.es/product_images/303143/303143_ISO_0_ES.jpg?imwidth=392,"3,99 €",Grasas 5.6g de las cuales saturadas 0.7g Hidratos de Carbono 21g de los cuales azúcares 2.2g Proteínas 6.3g Sal 0.99g,No disponible,"(26,60 €/KILO)"
Anguriñas Pescanova bandeja 200 g,https://www.dia.es/congelados/pescado-y-marisco/p/71213,https://www.dia.es/product_images/71213/71213_ISO_0_ES.jpg?imwidth=392,"1,89 €",Grasas 7.7g de las cuales saturadas 0.7g Hidratos de Carbono 8.8g de los cuales azúcares 1.9g Proteínas 7.4g Sal 1.48g,No disponible,"(9,45 €/KILO)"
Croquetas cremosas de pollo y trufa Al Punto Dia bolsa 300 g,https://www.dia.es/congelados/croquetas-y-rebozados/p/303141,https://www.dia.es/product_images/303141/303141_ISO_0_ES.jpg?imwidth=392,"2,99 €",Grasas 9.4g de las cuales saturadas 2.2g Hidratos de Carbono 18.7g de los cuales azúcares 6.7g Proteínas 10.7g Sal 1.05g,No disponible,"(9,97 €/KILO)"
Buey de mar cocido Mari Marinera de Dia bolsa 450 g,https://www.dia.es/congelados/pescado-y-marisco/p/29586,https://www.dia.es/product_images/29586/29586_ISO_0_ES.jpg?imwidth=392,"6,90 €",Grasas 4.3g de las cuales saturadas 2g Hidratos de Carbono 0.1g de los cuales azúcares 0.5g Proteínas 20.4g Sal 1g,No disponible,"(15,33 €/KILO)"
"Vieira rellena de vieira, mejillón y gambas Al Punto Dia bolsa 110 g",https://www.dia.es/congelados/pescado-y-marisco/p/275641,https://www.dia.es/product_images/275641/275641_ISO_0_ES.jpg?imwidth=392,"2,49 €",Grasas 8.5g de las cuales saturadas 3.9g Hidratos de Carbono 6g de los cuales azúcares 1.5g Proteínas 9.3g Sal 1.2g,No disponible,"(22,64 €/KILO)"
Croquetas cremosas de boletus edulis Al Punto Dia bolsa 300 g,https://www.dia.es/congelados/croquetas-y-rebozados/p/303140,https://www.dia.es/product_images/303140/303140_ISO_0_ES.jpg?imwidth=392,"2,99 €",Grasas 11g de las cuales saturadas 2.5g Hidratos de Carbono 21.3g de los cuales azúcares 6.9g Proteínas 5.3g Sal 1.09g,No disponible,"(9,97 €/KILO)"
Gamba blanca cocida Mari Marinera de Dia bandeja 300 g,https://www.dia.es/congelados/pescado-y-marisco/p/274447,https://www.dia.es/product_images/274447/274447_ISO_0_ES.jpg?imwidth=392,"6,99 €",Grasas 1.5g de las cuales saturadas 0.4g Hidratos de Carbono 0g de los cuales azúcares 0g Proteínas 21.8g Sal 2.25g,No disponible,"(23,30 €/KILO)"
Langostino cocido 24/32 piezas Mari Marinera de Dia caja 800 g,https://www.dia.es/congelados/pescado-y-marisco/p/8456,https://www.dia.es/product_images/8456/8456_ISO_0_ES.jpg?imwidth=392,"8,99 €",Grasas 1.4g de las cuales saturadas 0.5g Hidratos de Carbono 0.5g de los cuales azúcares 0g Proteínas 22g Sal 1.8g,No disponible,"(11,24 €/KILO)"
Sucedáneo de angula MSC Mari Marinera de Dia bandeja 250 g,https://www.dia.es/congelados/pescado-y-marisco/p/263242,https://www.dia.es/product_images/263242/263242_ISO_0_ES.jpg?imwidth=392,"1,99 €",Grasas 11g de las cuales saturadas 1.5g Hidratos de Carbono 8.2g de los cuales azúcares 1.6g Proteínas 8.9g Sal 2.3g,No disponible,"(7,96 €/KILO)"
Langostino crudo extra 24/32 piezas Mari Marinera de Dia caja 800 g,https://www.dia.es/congelados/pescado-y-marisco/p/47404,https://www.dia.es/product_images/47404/47404_ISO_0_ES.jpg?imwidth=392,"8,99 €",Grasas 1.3g de las cuales saturadas 0.2g Hidratos de Carbono 0g de los cuales azúcares 0g Proteínas 21.4g Sal 1.41g,No disponible,"(11,24 €/KILO)"
Navajas crudas Mari Marinera de Dia bandeja 300 g,https://www.dia.es/congelados/pescado-y-marisco/p/303709,https://www.dia.es/product_images/303709/303709_ISO_0_ES.jpg?imwidth=392,"3,99 €",Grasas 1g de las cuales saturadas 0.4g Hidratos de Carbono 0g de los cuales azúcares 0g Proteínas 10g Sal 1.25g,No disponible,"(13,30 €/KILO)"
Canelones de marisco Al Punto Dia caja 300 g,https://www.dia.es/congelados/lasanas-y-pasta/p/303109,https://www.dia.es/product_images/303109/303109_ISO_0_ES.jpg?imwidth=392,"2,49 €",Grasas 6.2g de las cuales saturadas 2g Hidratos de Carbono 13.7g de los cuales azúcares 3.3g Proteínas 6.6g Sal 0.9g,No disponible,"(8,30 €/KILO)"
Carne de vieira Mari Marinera de Dia bandeja 200 g,https://www.dia.es/congelados/pescado-y-marisco/p/296780,https://www.dia.es/product_images/296780/296780_ISO_0_ES.jpg?imwidth=392,"9,99 €",Grasas 0.5g de las cuales saturadas 0.1g Hidratos de Carbono 3.2g de los cuales azúcares 0g Proteínas 12g Sal 1g,No disponible,"(49,95 €/KILO)"
Almeja fina Mari Marinera de Dia bandeja 400 g,https://www.dia.es/congelados/pescado-y-marisco/p/288681,https://www.dia.es/product_images/288681/288681_ISO_0_ES.jpg?imwidth=392,"6,99 €",Grasas 1g de las cuales saturadas 0g Hidratos de Carbono 0g de los cuales azúcares 0g Proteínas 10.7g Sal 0.14g,No disponible,"(17,48 €/KILO)"
Cigalas crudas Mari Marinera de Dia bandeja 500 g,https://www.dia.es/congelados/pescado-y-marisco/p/266548,https://www.dia.es/product_images/266548/266548_ISO_0_ES.jpg?imwidth=392,"8,99 €",Grasas 1.1g de las cuales saturadas 0.3g Hidratos de Carbono 0.1g de los cuales azúcares 0.1g Proteínas 16.9g Sal 0.55g,No disponible,"(17,98 €/KILO)"
Sucedáneo de angula refrigerado MSC Mari Marinera de Dia bandeja 200 g,https://www.dia.es/pescados-mariscos-y-ahumados/sucedaneo-de-angulas-y-surimi/p/264682,https://www.dia.es/product_images/264682/264682_ISO_0_ES.jpg?imwidth=392,"2,79 €",Grasas 11g de las cuales saturadas 1.5g Hidratos de Carbono 8.2g de los cuales azúcares 1.6g Proteínas 8.9g Sal 2.3g,No disponible,"(13,95 €/KILO)"
Sucedáneo de angula con gambas Mari Marinera de Dia bandeja 250 g,https://www.dia.es/congelados/pescado-y-marisco/p/263685,https://www.dia.es/product_images/263685/263685_ISO_0_ES.jpg?imwidth=392,"2,49 €",Grasas 21g de las cuales saturadas 2.4g Hidratos de Carbono 5.4g de los cuales azúcares 1.1g Proteínas 7.7g Sal 1.9g,No disponible,"(9,96 €/KILO)"
La Gula del Norte refrigerada La Gula del Norte bandeja 180 g,https://www.dia.es/pescados-mariscos-y-ahumados/sucedaneo-de-angulas-y-surimi/p/107047,https://www.dia.es/product_images/107047/107047_ISO_0_ES.jpg?imwidth=392,"5,99 €",Grasas 10g de las cuales saturadas 1g Hidratos de Carbono 8.2g de los cuales azúcares 1.8g Proteínas 9.2g Sal 2.2g,No disponible,"(33,28 €/KILO)"
Sidra espumosa Sidrallero botella 75 cl,https://www.dia.es/cervezas-vinos-y-bebidas-con-alcohol/cavas-y-sidra/p/273424,https://www.dia.es/product_images/273424/273424_ISO_0_ES.jpg?imwidth=392,"1,60 €",No disponible,No disponible,"(2,13 €/LITRO)"
Cava semiseco Grand astoria botella 75 cl,https://www.dia.es/cervezas-vinos-y-bebidas-con-alcohol/cavas-y-sidra/p/3311,https://www.dia.es/product_images/3311/3311_ISO_0_ES.jpg?imwidth=392,"2,95 €",Grasas 0.5g de las cuales saturadas 0.1g Hidratos de Carbono 3.5g de los cuales azúcares 3.5g Proteínas 1g Sal 0.01g,No disponible,"(3,93 €/LITRO)"
Cava brut Grand astoria botella 75 cl,https://www.dia.es/cervezas-vinos-y-bebidas-con-alcohol/cavas-y-sidra/p/54531,https://www.dia.es/product_images/54531/54531_ISO_0_ES.jpg?imwidth=392,"2,95 €",Grasas 0.5g de las cuales saturadas 0.1g Hidratos de Carbono 0.98g de los cuales azúcares 0.98g Proteínas 1g Sal 1g,No disponible,"(3,93 €/LITRO)"
Cava reserva brut nature Grand astoria botella 75 cl,https://www.dia.es/cervezas-vinos-y-bebidas-con-alcohol/cavas-y-sidra/p/265217,https://www.dia.es/product_images/265217/265217_ISO_0_ES.jpg?imwidth=392,"4,45 €",Grasas 0.5g de las cuales saturadas 0.05g Hidratos de Carbono 0.5g de los cuales azúcares 0.5g Proteínas 1g Sal 0.01g,No disponible,"(5,93 €/LITRO)"
Cava brut nature Grand astoria botella 75 cl,https://www.dia.es/cervezas-vinos-y-bebidas-con-alcohol/cavas-y-sidra/p/3310,https://www.dia.es/product_images/3310/3310_ISO_0_ES.jpg?imwidth=392,"3,95 €",Grasas 0.5g de las cuales saturadas 0.05g Hidratos de Carbono 0.5g de los cuales azúcares 0.5g Proteínas 1g Sal 0.01g,No disponible,"(5,27 €/LITRO)"
Sidra natural Cortina botella 70 cl,https://www.dia.es/cervezas-vinos-y-bebidas-con-alcohol/cavas-y-sidra/p/186871,https://www.dia.es/product_images/186871/186871_ISO_0_ES.jpg?imwidth=392,"2,40 €",Grasas 0g de las cuales saturadas 0g Hidratos de Carbono 1g de los cuales azúcares 0.9g Proteínas 0.01g Sal 0.01g,No disponible,"(3,43 €/LITRO)"
Sidra El gaitero botella 75 cl,https://www.dia.es/cervezas-vinos-y-bebidas-con-alcohol/cavas-y-sidra/p/187062,https://www.dia.es/product_images/187062/187062_ISO_0_ES.jpg?imwidth=392,"2,55 €",No disponible,No disponible,"(3,40 €/LITRO)"
Tónica berries Toni Tónico de Dia botella 20 cl,https://www.dia.es/agua-refrescos-y-zumos/tonicas/p/302938,https://www.dia.es/product_images/302938/302938_ISO_0_ES.jpg?imwidth=392,"0,79 €",Grasas 0g de las cuales saturadas 0g Hidratos de Carbono 4.2g de los cuales azúcares 4.2g Proteínas 0g Sal 0.01g,No disponible,"(3,95 €/LITRO)"
Tónica citrus Toni Tónico de Dia botella 20 cl,https://www.dia.es/agua-refrescos-y-zumos/tonicas/p/302937,https://www.dia.es/product_images/302937/302937_ISO_0_ES.jpg?imwidth=392,"0,79 €",Grasas 0g de las cuales saturadas 0g Hidratos de Carbono 4.2g de los cuales azúcares 4.2g Proteínas 0g Sal 0.01g,No disponible,"(3,95 €/LITRO)"
Cava semiseco Freixenet Carta Nevada botella 75 cl,https://www.dia.es/cervezas-vinos-y-bebidas-con-alcohol/cavas-y-sidra/p/84786,https://www.dia.es/product_images/84786/84786_ISO_0_ES.jpg?imwidth=392,"6,95 €",No disponible,No disponible,"(9,27 €/LITRO)"
Cava semiseco Freixenet Carta Nevada botella 3 x 20 cl,https://www.dia.es/cervezas-vinos-y-bebidas-con-alcohol/cavas-y-sidra/p/87666,https://www.dia.es/product_images/87666/87666_ISO_0_ES.jpg?imwidth=392,"6,95 €",No disponible,No disponible,"(11,58 €/LITRO)"
Sidra extra El gaitero botella 75 cl,https://www.dia.es/cervezas-vinos-y-bebidas-con-alcohol/cavas-y-sidra/p/187064,https://www.dia.es/product_images/187064/187064_ISO_0_ES.jpg?imwidth=392,"3,30 €",No disponible,No disponible,"(4,40 €/LITRO)"
Cava brut Codorníu Anna botella 75 cl,https://www.dia.es/cervezas-vinos-y-bebidas-con-alcohol/cavas-y-sidra/p/46452,https://www.dia.es/product_images/46452/46452_ISO_0_ES.jpg?imwidth=392,"9,35 €",No disponible,No disponible,"(12,47 €/LITRO)"
Cava brut nature Codorníu Anna botella 75 cl,https://www.dia.es/cervezas-vinos-y-bebidas-con-alcohol/cavas-y-sidra/p/137101,https://www.dia.es/product_images/137101/137101_ISO_0_ES.jpg?imwidth=392,"9,35 €",No disponible,No disponible,"(12,47 €/LITRO)"
Cava Codorníu botella 3 x 20 cl,https://www.dia.es/cervezas-vinos-y-bebidas-con-alcohol/cavas-y-sidra/p/43171,https://www.dia.es/product_images/43171/43171_ISO_0_ES.jpg?imwidth=392,"6,99 €",No disponible,No disponible,"(11,65 €/LITRO)"
Cava brut Freixenet Cordón Negro botella 75 cl,https://www.dia.es/cervezas-vinos-y-bebidas-con-alcohol/cavas-y-sidra/p/84932,https://www.dia.es/product_images/84932/84932_ISO_0_ES.jpg?imwidth=392,"7,99 €",No disponible,No disponible,"(10,65 €/LITRO)"
Vino tinto 10 meses D.O. Ribera del Duero Portia botella 75 cl,https://www.dia.es/cervezas-vinos-y-bebidas-con-alcohol/vino-tinto/p/303090,https://www.dia.es/product_images/303090/303090_ISO_0_ES.jpg?imwidth=392,"7,69 €",No disponible,No disponible,"(10,25 €/LITRO)"
Vino rosado do rioja Faustino Rivero botella 75 cl,https://www.dia.es/cervezas-vinos-y-bebidas-con-alcohol/vino-rosado/p/285520,https://www.dia.es/product_images/285520/285520_ISO_0_ES.jpg?imwidth=392,"3,49 €",No disponible,No disponible,"(4,65 €/LITRO)"
Vino tinto crianza D.O. Rioja Faustino botella 75 cl,https://www.dia.es/cervezas-vinos-y-bebidas-con-alcohol/vino-tinto/p/303091,https://www.dia.es/product_images/303091/303091_ISO_0_ES.jpg?imwidth=392,"4,89 €",No disponible,No disponible,"(6,52 €/LITRO)"
Vino blanco D.O. Rueda Verdejo Valderivero botella 75 cl,https://www.dia.es/cervezas-vinos-y-bebidas-con-alcohol/vino-blanco/p/303093,https://www.dia.es/product_images/303093/303093_ISO_0_ES.jpg?imwidth=392,"3,95 €",No disponible,No disponible,"(5,27 €/LITRO)"
Crema de queso azul con cebolla caramelizada Nuestra Alacena de Dia frasco 110 g,https://www.dia.es/charcuteria-y-quesos/foie-pate-y-sobrasada/p/295196,https://www.dia.es/product_images/295196/295196_ISO_0_ES.jpg?imwidth=392,"1,89 €",Grasas 7.9g de las cuales saturadas 5.6g Hidratos de Carbono 12.8g de los cuales azúcares 4.8g Proteínas 6.7g Sal 1.26g,No disponible,"(17,18 €/KILO)"
Patatas fritas a la sartén sabor queso curado y trufa Snack Maniac de Dia bolsa 130 g,https://www.dia.es/patatas-fritas-encurtidos-y-frutos-secos/patatas-fritas-y-aperitivos/p/303695,https://www.dia.es/product_images/303695/303695_ISO_0_ES.jpg?imwidth=392,"1,59 €",Grasas 35g de las cuales saturadas 4.2g Hidratos de Carbono 47g de los cuales azúcares 4.4g Proteínas 6.2g Sal 1.1g,No disponible,"(12,23 €/KILO)"
Crema de queso curado con aceite de oliva virgen extra Nuestra Alacena de Dia frasco 110 g,https://www.dia.es/charcuteria-y-quesos/foie-pate-y-sobrasada/p/295194,https://www.dia.es/product_images/295194/295194_ISO_0_ES.jpg?imwidth=392,"1,89 €",Grasas 11.6g de las cuales saturadas 6.3g Hidratos de Carbono 10.4g de los cuales azúcares 2.1g Proteínas 6.7g Sal 1.5g,No disponible,"(17,18 €/KILO)"
Mini tostas con arándanos El molino de Dia bolsa 90 g,https://www.dia.es/panes-harinas-y-masas/picos-y-panes-tostados/p/276249,https://www.dia.es/product_images/276249/276249_ISO_0_ES.jpg?imwidth=392,"1,19 €",Grasas 10.7g de las cuales saturadas 0.9g Hidratos de Carbono 64.2g de los cuales azúcares 13.9g Fibra alimentaria 2.7g Proteínas 7.7g Sal 1.03g,No disponible,"(13,22 €/KILO)"
Servilletas Navidad 3 capas La Llama Dia bolsa 20 unidades,https://www.dia.es/limpieza-y-hogar/papel-higienico-de-cocina-servilletas/p/303014,https://www.dia.es/product_images/303014/303014_ISO_0_ES.jpg?imwidth=392,"1,19 €",No disponible,No disponible,"(0,06 €/UNIDAD)"
Crema de gambas al ajillo Nuestra Alacena de Dia frasco 110 g,https://www.dia.es/charcuteria-y-quesos/foie-pate-y-sobrasada/p/302904,https://www.dia.es/product_images/302904/302904_ISO_0_ES.jpg?imwidth=392,"1,89 €",Grasas 21.4g de las cuales saturadas 2.8g Hidratos de Carbono 10.4g de los cuales azúcares 0.5g Proteínas 5.8g Sal 1.5g,No disponible,"(17,18 €/KILO)"
Crema de queso de cabra con anacardos Nuestra Alacena de Dia frasco 110 g,https://www.dia.es/charcuteria-y-quesos/foie-pate-y-sobrasada/p/295195,https://www.dia.es/product_images/295195/295195_ISO_0_ES.jpg?imwidth=392,"1,89 €",Grasas 9.7g de las cuales saturadas 4.9g Hidratos de Carbono 11.7g de los cuales azúcares 2.9g Proteínas 7.3g Sal 1.24g,No disponible,"(17,18 €/KILO)"
Patatas fritas a la sartén sabor salmón y crema Snack Maniac de Dia bolsa 130 g,https://www.dia.es/patatas-fritas-encurtidos-y-frutos-secos/patatas-fritas-y-aperitivos/p/303694,https://www.dia.es/product_images/303694/303694_ISO_0_ES.jpg?imwidth=392,"1,59 €",Grasas 28g de las cuales saturadas 3.4g Hidratos de Carbono 54g de los cuales azúcares 0.5g Proteínas 6.4g Sal 0.75g,No disponible,"(12,23 €/KILO)"
Vela perfumada napolitana roja Navidad Imaqe de Dia 1 unidad,https://www.dia.es/limpieza-y-hogar/ambientadores/p/301652,https://www.dia.es/product_images/301652/301652_ISO_0_ES.jpg?imwidth=392,"2,49 €",No disponible,No disponible,"(2,49 €/UNIDAD)"
Paté de cerdo ibérico con trufa Nuestra Alacena de Dia frasco 110 g,https://www.dia.es/charcuteria-y-quesos/foie-pate-y-sobrasada/p/302923,https://www.dia.es/product_images/302923/302923_ISO_0_ES.jpg?imwidth=392,"1,89 €",Grasas 14.5g de las cuales saturadas 5g Hidratos de Carbono 9.7g de los cuales azúcares 0.7g Proteínas 9.1g Sal 1.82g,No disponible,"(17,18 €/KILO)"
Mini tartaletas El molino de Dia bandeja 120 g,https://www.dia.es/panes-harinas-y-masas/picos-y-panes-tostados/p/278038,https://www.dia.es/product_images/278038/278038_ISO_0_ES.jpg?imwidth=392,"1,89 €",Grasas 20.6g de las cuales saturadas 9.1g Hidratos de Carbono 65.1g de los cuales azúcares 33.3g Proteínas 7.3g Sal 0.76g,No disponible,"(15,75 €/KILO)"
Vela perfumada caramel salt amarilla Navidad Imaqe de Dia 1 unidad,https://www.dia.es/limpieza-y-hogar/ambientadores/p/301653,https://www.dia.es/product_images/301653/301653_ISO_0_ES.jpg?imwidth=392,"2,49 €",No disponible,No disponible,"(2,49 €/UNIDAD)"
Caldo gourmet con pollo de corral y jamón Al Punto Dia brik 1 l,https://www.dia.es/conservas-caldos-y-cremas/cremas-y-caldos-liquidos/p/295268,https://www.dia.es/product_images/295268/295268_ISO_0_ES.jpg?imwidth=392,"1,99 €",Grasas 0.9g de las cuales saturadas 0.4g Hidratos de Carbono 0g de los cuales azúcares 0g Proteínas 0.5g Sal 0.67g,No disponible,"(1,99 €/LITRO)"
Paté de cerdo ibérico con higos Nuestra Alacena de Dia frasco 110 g,https://www.dia.es/charcuteria-y-quesos/foie-pate-y-sobrasada/p/302924,https://www.dia.es/product_images/302924/302924_ISO_0_ES.jpg?imwidth=392,"1,89 €",Grasas 13.3g de las cuales saturadas 5g Hidratos de Carbono 9.3g de los cuales azúcares 8.2g Proteínas 9.1g Sal 1.82g,No disponible,"(17,18 €/KILO)"
Mini tostas con aceite de oliva virgen extra El molino de Dia bolsa 90 g,https://www.dia.es/panes-harinas-y-masas/picos-y-panes-tostados/p/276248,https://www.dia.es/product_images/276248/276248_ISO_0_ES.jpg?imwidth=392,"1,19 €",No disponible,No disponible,"(13,22 €/KILO)"
Tomate seco en aceite Vegecampo de Dia frasco 110 g,https://www.dia.es/conservas-caldos-y-cremas/conservas-vegetales/p/286118,https://www.dia.es/product_images/286118/286118_ISO_0_ES.jpg?imwidth=392,"2,25 €",Grasas 9.5g de las cuales saturadas 1.3g Hidratos de Carbono 7.8g de los cuales azúcares 5.2g Proteínas 2.9g Sal 1.9g,No disponible,"(20,45 €/KILO)"
Mini tostas redondas Ortiz caja 100 g,https://www.dia.es/panes-harinas-y-masas/picos-y-panes-tostados/p/79814,https://www.dia.es/product_images/79814/79814_ISO_0_ES.jpg?imwidth=392,"1,99 €",Grasas 4.8g de las cuales saturadas 0.6g Hidratos de Carbono 76g de los cuales azúcares 4.3g Fibra alimentaria 4.7g Proteínas 12g Sal 1.3g,No disponible,"(19,90 €/KILO)"
Placas para canelones El pavo caja 125 g,https://www.dia.es/arroz-pastas-y-legumbres/pastas/p/45244,https://www.dia.es/product_images/45244/45244_ISO_0_ES.jpg?imwidth=392,"1,28 €",Grasas 1.4g de las cuales saturadas 0.2g Hidratos de Carbono 73g de los cuales azúcares 1.5g Fibra alimentaria 3.9g Proteínas 12g Sal 0g,No disponible,"(10,24 €/KILO)"
Placas para canelones precocidas El pavo caja 125 g,https://www.dia.es/arroz-pastas-y-legumbres/pastas/p/39198,https://www.dia.es/product_images/39198/39198_ISO_0_ES.jpg?imwidth=392,"1,46 €",Grasas 1.4g de las cuales saturadas 0.2g Hidratos de Carbono 73g de los cuales azúcares 1.5g Fibra alimentaria 3.9g Proteínas 12g Sal 0g,No disponible,"(11,68 €/KILO)"
Patatas fritas a la sartén sabor verduras braseadas Snack Maniac de Dia bolsa 130 g,https://www.dia.es/patatas-fritas-encurtidos-y-frutos-secos/patatas-fritas-y-aperitivos/p/303693,https://www.dia.es/product_images/303693/303693_ISO_0_ES.jpg?imwidth=392,"1,59 €",Grasas 35g de las cuales saturadas 4.2g Hidratos de Carbono 46g de los cuales azúcares 1.5g Proteínas 6.5g Sal 0.7g,No disponible,"(12,23 €/KILO)"
Bacon en tiras Nuestra Alacena de Dia bandeja 2 x 100 g,https://www.dia.es/charcuteria-y-quesos/jamon-cocido-lacon-fiambres-y-mortadela/p/273750,https://www.dia.es/product_images/273750/273750_ISO_0_ES.jpg?imwidth=392,"1,76 €",Grasas 25g de las cuales saturadas 9g Hidratos de Carbono 1g de los cuales azúcares 0.8g Proteínas 15g Sal 2g,No disponible,"(8,80 €/KILO)"
Pechuga de pavo Nuestra Alacena de Dia sobre 2 x 200 g,https://www.dia.es/charcuteria-y-quesos/jamon-cocido-lacon-fiambres-y-mortadela/p/273810,https://www.dia.es/product_images/273810/273810_ISO_0_ES.jpg?imwidth=392,"3,30 €",Grasas 0.5g de las cuales saturadas 0.2g Hidratos de Carbono 0.5g de los cuales azúcares 0.5g Proteínas 17g Sal 1.85g,No disponible,"(8,25 €/KILO)"
Jamón cocido extra Nuestra Alacena de Dia sobre 2 x 225 g,https://www.dia.es/charcuteria-y-quesos/jamon-cocido-lacon-fiambres-y-mortadela/p/273957,https://www.dia.es/product_images/273957/273957_ISO_0_ES.jpg?imwidth=392,"3,45 €",Grasas 2.5g de las cuales saturadas 0.9g Hidratos de Carbono 0.3g de los cuales azúcares 0.3g Proteínas 18.5g Sal 1.9g,No disponible,"(7,67 €/KILO)"
Jamón cocido extra bajo en sal Nuestra Alacena de Dia sobre 200 g,https://www.dia.es/charcuteria-y-quesos/jamon-cocido-lacon-fiambres-y-mortadela/p/273736,https://www.dia.es/product_images/273736/273736_ISO_0_ES.jpg?imwidth=392,"1,99 €",Grasas 2g de las cuales saturadas 0.8g Hidratos de Carbono 1.3g de los cuales azúcares 1.3g Proteínas 18g Sal 1.4g,No disponible,"(9,95 €/KILO)"
Bacon en lonchas Nuestra Alacena de Dia sobre 200 g,https://www.dia.es/charcuteria-y-quesos/jamon-cocido-lacon-fiambres-y-mortadela/p/273749,https://www.dia.es/product_images/273749/273749_ISO_0_ES.jpg?imwidth=392,"1,99 €",Grasas 25g de las cuales saturadas 9g Hidratos de Carbono 1g de los cuales azúcares 0.8g Proteínas 15g Sal 2g,No disponible,"(9,95 €/KILO)"
Mortadela con aceitunas Nuestra Alacena de Dia sobre 250 g,https://www.dia.es/charcuteria-y-quesos/jamon-cocido-lacon-fiambres-y-mortadela/p/273961,https://www.dia.es/product_images/273961/273961_ISO_0_ES.jpg?imwidth=392,"1,25 €",Grasas 21g de las cuales saturadas 7.4g Hidratos de Carbono 6.3g de los cuales azúcares 1g Proteínas 10g Sal 2.1g,No disponible,"(5,00 €/KILO)"
Mortadela Nuestra Alacena de Dia sobre 250 g,https://www.dia.es/charcuteria-y-quesos/jamon-cocido-lacon-fiambres-y-mortadela/p/273960,https://www.dia.es/product_images/273960/273960_ISO_0_ES.jpg?imwidth=392,"1,25 €",Grasas 24g de las cuales saturadas 8.4g Hidratos de Carbono 4.5g de los cuales azúcares 0.8g Proteínas 12g Sal 2g,No disponible,"(5,00 €/KILO)"
Jamón cocido extra 97% carne Nuestra Alacena de Dia sobre 150 g,https://www.dia.es/charcuteria-y-quesos/jamon-cocido-lacon-fiambres-y-mortadela/p/273737,https://www.dia.es/product_images/273737/273737_ISO_0_ES.jpg?imwidth=392,"1,99 €",Grasas 2g de las cuales saturadas 0.7g Hidratos de Carbono 0.5g de los cuales azúcares 0.5g Proteínas 20g Sal 1.93g,No disponible,"(13,27 €/KILO)"
Jamón de pavo Nuestra Alacena de Dia sobre 200 g,https://www.dia.es/charcuteria-y-quesos/jamon-cocido-lacon-fiambres-y-mortadela/p/273733,https://www.dia.es/product_images/273733/273733_ISO_0_ES.jpg?imwidth=392,"1,48 €",Grasas 4g de las cuales saturadas 1.4g Hidratos de Carbono 2g de los cuales azúcares 0.5g Proteínas 14g Sal 1.92g,No disponible,"(7,40 €/KILO)"
Jamón cocido extra Elpozo 1954 sobre 150 g,https://www.dia.es/charcuteria-y-quesos/jamon-cocido-lacon-fiambres-y-mortadela/p/146710,https://www.dia.es/product_images/146710/146710_ISO_0_ES.jpg?imwidth=392,"2,00 €",Grasas 3.5g de las cuales saturadas 1.2g Hidratos de Carbono 0.5g de los cuales azúcares 0.5g Proteínas 19.4g Sal 1.9g,No disponible,"(13,33 €/KILO)"
Pechuga de pavo braseado Campofrío sobre 75 g,https://www.dia.es/charcuteria-y-quesos/jamon-cocido-lacon-fiambres-y-mortadela/p/300740,https://www.dia.es/product_images/300740/300740_ISO_0_ES.jpg?imwidth=392,"1,00 €",Grasas 1g de las cuales saturadas 0.4g Hidratos de Carbono 4g de los cuales azúcares 2g Fibra alimentaria 0g Proteínas 14g Sal 2g,3 eur dto comprando 15 eur selección campofri,No disponible
Pechuga de pavo 90% carne Nuestra Alacena de Dia sobre 120 g,https://www.dia.es/charcuteria-y-quesos/jamon-cocido-lacon-fiambres-y-mortadela/p/273965,https://www.dia.es/product_images/273965/273965_ISO_0_ES.jpg?imwidth=392,"2,19 €",Grasas 0.5g de las cuales saturadas 0.1g Hidratos de Carbono 0.5g de los cuales azúcares 0.5g Proteínas 21g Sal 1.85g,No disponible,"(18,25 €/KILO)"
Lacón ahumado Nuestra Alacena de Dia sobre 150 g,https://www.dia.es/charcuteria-y-quesos/jamon-cocido-lacon-fiambres-y-mortadela/p/303491,https://www.dia.es/product_images/303491/303491_ISO_0_ES.jpg?imwidth=392,"1,79 €",Grasas 4.5g de las cuales saturadas 1.5g Hidratos de Carbono 1g de los cuales azúcares 1g Proteínas 19g Sal 2.2g,No disponible,"(11,93 €/KILO)"
Fiambre de york Elpozo sobre 300 g,https://www.dia.es/charcuteria-y-quesos/jamon-cocido-lacon-fiambres-y-mortadela/p/137167,https://www.dia.es/product_images/137167/137167_ISO_0_ES.jpg?imwidth=392,"2,00 €",Grasas 3.5g de las cuales saturadas 1.2g Hidratos de Carbono 11g de los cuales azúcares 2g Proteínas 11.8g Sal 3g,No disponible,"(6,67 €/KILO)"
Pechuga de pavo bajo en sal Nuestra Alacena de Dia sobre 200 g,https://www.dia.es/charcuteria-y-quesos/jamon-cocido-lacon-fiambres-y-mortadela/p/273731,https://www.dia.es/product_images/273731/273731_ISO_0_ES.jpg?imwidth=392,"1,87 €",Grasas 1.4g de las cuales saturadas 0.5g Hidratos de Carbono 1.5g de los cuales azúcares 1.5g Proteínas 17g Sal 1.3g,No disponible,"(9,35 €/KILO)"
Cabeza de jabalí Nuestra Alacena de Dia sobre 150 g,https://www.dia.es/charcuteria-y-quesos/jamon-cocido-lacon-fiambres-y-mortadela/p/300354,https://www.dia.es/product_images/300354/300354_ISO_0_ES.jpg?imwidth=392,"1,69 €",Grasas 25g de las cuales saturadas 10g Hidratos de Carbono 0g de los cuales azúcares 0g Proteínas 16g Sal 2.4g,No disponible,"(11,27 €/KILO)"
Chopped pork Nuestra Alacena de Dia sobre 250 g,https://www.dia.es/charcuteria-y-quesos/jamon-cocido-lacon-fiambres-y-mortadela/p/273959,https://www.dia.es/product_images/273959/273959_ISO_0_ES.jpg?imwidth=392,"1,39 €",Grasas 12g de las cuales saturadas 4.2g Hidratos de Carbono 5g de los cuales azúcares 1g Proteínas 12g Sal 2.2g,No disponible,"(5,56 €/KILO)"
Pechuga de pavo Elpozo sobre 80 g,https://www.dia.es/charcuteria-y-quesos/jamon-cocido-lacon-fiambres-y-mortadela/p/302289,https://www.dia.es/product_images/302289/302289_ISO_0_ES.jpg?imwidth=392,"1,00 €",Grasas 1g de las cuales saturadas 0.3g Hidratos de Carbono 6g de los cuales azúcares 1.2g Proteínas 12g Sal 2.4g,No disponible,"(12,50 €/KILO)"
Pechuga de pollo braseado Nuestra Alacena de Dia sobre 200 g,https://www.dia.es/charcuteria-y-quesos/jamon-cocido-lacon-fiambres-y-mortadela/p/274101,https://www.dia.es/product_images/274101/274101_ISO_0_ES.jpg?imwidth=392,"2,15 €",Grasas 1.5g de las cuales saturadas 0.5g Hidratos de Carbono 0.7g de los cuales azúcares 0.4g Proteínas 17g Sal 1.9g,No disponible,"(10,75 €/KILO)"
Jamón cocido Elpozo sobre 80 g,https://www.dia.es/charcuteria-y-quesos/jamon-cocido-lacon-fiambres-y-mortadela/p/298369,https://www.dia.es/product_images/298369/298369_ISO_0_ES.jpg?imwidth=392,"1,00 €",Grasas 1.5g de las cuales saturadas 0.5g Hidratos de Carbono 1.5g de los cuales azúcares 1.3g Proteínas 18g Sal 1.9g,No disponible,"(12,50 €/KILO)"
Bacon Oscar mayer sobre 150 g,https://www.dia.es/charcuteria-y-quesos/jamon-cocido-lacon-fiambres-y-mortadela/p/67934,https://www.dia.es/product_images/67934/67934_ISO_0_ES.jpg?imwidth=392,"2,29 €",Grasas 36g de las cuales saturadas 12g Hidratos de Carbono 1.4g de los cuales azúcares 1.4g Fibra alimentaria 0g Proteínas 14g Sal 2.8g,No disponible,"(15,27 €/KILO)"
Magro de cerdo cocido Nuestra Alacena de Dia lata 200 g,https://www.dia.es/charcuteria-y-quesos/jamon-cocido-lacon-fiambres-y-mortadela/p/66118,https://www.dia.es/product_images/66118/66118_ISO_0_ES.jpg?imwidth=392,"2,35 €",Grasas 21.5g de las cuales saturadas 0.1g Hidratos de Carbono 2.9g de los cuales azúcares 0.9g Fibra alimentaria 0.3g Proteínas 12.2g Sal 2.96g,No disponible,"(11,75 €/KILO)"
Mortadela ibérica Legado Ibérico bandeja 150 g,https://www.dia.es/charcuteria-y-quesos/jamon-cocido-lacon-fiambres-y-mortadela/p/30591,https://www.dia.es/product_images/30591/30591_ISO_0_ES.jpg?imwidth=392,"2,00 €",Grasas 19g de las cuales saturadas 6.5g Hidratos de Carbono 4.5g de los cuales azúcares 1g Proteínas 12g Sal 2.1g,No disponible,"(13,33 €/KILO)"
Paleta cocida Nuestra Alacena de Dia sobre 180 g,https://www.dia.es/charcuteria-y-quesos/jamon-cocido-lacon-fiambres-y-mortadela/p/303612,https://www.dia.es/product_images/303612/303612_ISO_0_ES.jpg?imwidth=392,"1,99 €",Grasas 4g de las cuales saturadas 1g Hidratos de Carbono 2g de los cuales azúcares 1.5g Proteínas 19g Sal 2.2g,No disponible,"(11,06 €/KILO)"
Pechuga de pollo + proteínas Elpozo Bienstar sobre 130 g,https://www.dia.es/charcuteria-y-quesos/jamon-cocido-lacon-fiambres-y-mortadela/p/301986,https://www.dia.es/product_images/301986/301986_ISO_0_ES.jpg?imwidth=392,"2,00 €",Grasas 1g de las cuales saturadas 0.3g Hidratos de Carbono 0.5g de los cuales azúcares 0.5g Proteínas 22g Sal 1.8g,No disponible,"(15,38 €/KILO)"
Pechuga de pavo + proteínas Elpozo Bienstar sobre 130 g,https://www.dia.es/charcuteria-y-quesos/jamon-cocido-lacon-fiambres-y-mortadela/p/301985,https://www.dia.es/product_images/301985/301985_ISO_0_ES.jpg?imwidth=392,"2,00 €",Grasas 0.5g de las cuales saturadas 0.2g Hidratos de Carbono 0.5g de los cuales azúcares 0.5g Proteínas 22g Sal 1.8g,No disponible,"(15,38 €/KILO)"
Jamón cocido extra reducido en sal Nuestra Alacena de Dia sobre 150 g,https://www.dia.es/charcuteria-y-quesos/jamon-cocido-lacon-fiambres-y-mortadela/p/301086,https://www.dia.es/product_images/301086/301086_ISO_0_ES.jpg?imwidth=392,"1,99 €",Grasas 2g de las cuales saturadas 0.7g Hidratos de Carbono 1g de los cuales azúcares 1g Proteínas 20g Sal 1.35g,No disponible,"(13,27 €/KILO)"
Pechuga de pavo bajo en grasa y reducido en sal Nuestra Alacena de Dia 500 g,https://www.dia.es/charcuteria-y-quesos/jamon-cocido-lacon-fiambres-y-mortadela/p/300613,https://www.dia.es/product_images/300613/300613_ISO_0_ES.jpg?imwidth=392,"3,99 €",Grasas 1.1g de las cuales saturadas 0.3g Hidratos de Carbono 0.5g de los cuales azúcares 0.5g Proteínas 14g Sal 1.4g,No disponible,"(7,98 €/KILO)"
Jamón cocido extra Nuestra Alacena de Dia sobre 250 g,https://www.dia.es/charcuteria-y-quesos/jamon-cocido-lacon-fiambres-y-mortadela/p/300419,https://www.dia.es/product_images/300419/300419_ISO_0_ES.jpg?imwidth=392,"2,25 €",Grasas 2g de las cuales saturadas 0.7g Hidratos de Carbono 1.5g de los cuales azúcares 0.8g Proteínas 18g Sal 1.93g,No disponible,"(9,00 €/KILO)"
Chopped lata Nuestra Alacena de Dia Dia sobre 150 g,https://www.dia.es/charcuteria-y-quesos/jamon-cocido-lacon-fiambres-y-mortadela/p/300126,https://www.dia.es/product_images/300126/300126_ISO_0_ES.jpg?imwidth=392,"1,49 €",Grasas 13g de las cuales saturadas 5.4g Hidratos de Carbono 6g de los cuales azúcares 0g Proteínas 12g Sal 2.4g,No disponible,"(9,93 €/KILO)"
Jamón cocido extra Nuestra Alacena de Dia sobre 200 g,https://www.dia.es/charcuteria-y-quesos/jamon-cocido-lacon-fiambres-y-mortadela/p/298528,https://www.dia.es/product_images/298528/298528_ISO_0_ES.jpg?imwidth=392,"1,99 €",Grasas 2.5g de las cuales saturadas 0.9g Hidratos de Carbono 0.3g de los cuales azúcares 0.3g Proteínas 18.5g Sal 1.9g,No disponible,"(9,95 €/KILO)"
Pavo trufado con pistachos Serrano sobre 150 g,https://www.dia.es/charcuteria-y-quesos/jamon-cocido-lacon-fiambres-y-mortadela/p/296598,https://www.dia.es/product_images/296598/296598_ISO_0_ES.jpg?imwidth=392,"1,79 €",No disponible,No disponible,"(11,93 €/KILO)"
Jamón cocido extra braseado Nuestra Alacena de Dia sobre 150 g,https://www.dia.es/charcuteria-y-quesos/jamon-cocido-lacon-fiambres-y-mortadela/p/296230,https://www.dia.es/product_images/296230/296230_ISO_0_ES.jpg?imwidth=392,"2,25 €",Grasas 2g de las cuales saturadas 0.7g Hidratos de Carbono 0.5g de los cuales azúcares 0.5g Proteínas 20g Sal 1.93g,No disponible,"(15,00 €/KILO)"
Chopped pork Nuestra Alacena de Dia 500 g,https://www.dia.es/charcuteria-y-quesos/jamon-cocido-lacon-fiambres-y-mortadela/p/274755,https://www.dia.es/product_images/274755/274755_ISO_0_ES.jpg?imwidth=392,"2,25 €",Grasas 11.5g de las cuales saturadas 4g Hidratos de Carbono 5.5g de los cuales azúcares 1g Proteínas 12g Sal 2.2g,No disponible,"(4,50 €/KILO)"
Mortadela Nuestra Alacena de Dia 500 g,https://www.dia.es/charcuteria-y-quesos/jamon-cocido-lacon-fiambres-y-mortadela/p/274754,https://www.dia.es/product_images/274754/274754_ISO_0_ES.jpg?imwidth=392,"1,99 €",Grasas 20g de las cuales saturadas 7g Hidratos de Carbono 5g de los cuales azúcares 0.5g Proteínas 10g Sal 2.1g,No disponible,"(3,98 €/KILO)"
Pechuga de pollo Nuestra Alacena de Dia sobre 200 g,https://www.dia.es/charcuteria-y-quesos/jamon-cocido-lacon-fiambres-y-mortadela/p/274104,https://www.dia.es/product_images/274104/274104_ISO_0_ES.jpg?imwidth=392,"1,99 €",Grasas 1.5g de las cuales saturadas 0.5g Hidratos de Carbono 0.7g de los cuales azúcares 0.4g Proteínas 17g Sal 1.9g,No disponible,"(9,95 €/KILO)"
Pechuga de pavo braseado Nuestra Alacena de Dia sobre 200 g,https://www.dia.es/charcuteria-y-quesos/jamon-cocido-lacon-fiambres-y-mortadela/p/273964,https://www.dia.es/product_images/273964/273964_ISO_0_ES.jpg?imwidth=392,"2,39 €",Grasas 0.5g de las cuales saturadas 0.2g Hidratos de Carbono 0.5g de los cuales azúcares 0.5g Proteínas 17g Sal 1.85g,No disponible,"(11,95 €/KILO)"
Panceta curada Nuestra Alacena de Dia sobre 150 g,https://www.dia.es/charcuteria-y-quesos/jamon-cocido-lacon-fiambres-y-mortadela/p/273962,https://www.dia.es/product_images/273962/273962_ISO_0_ES.jpg?imwidth=392,"1,99 €",Grasas 40g de las cuales saturadas 14g Hidratos de Carbono 2g de los cuales azúcares 2g Proteínas 16g Sal 2g,No disponible,"(13,27 €/KILO)"
Jamón cocido extra sabor ahumado Nuestra Alacena de Dia sobre 250 g,https://www.dia.es/charcuteria-y-quesos/jamon-cocido-lacon-fiambres-y-mortadela/p/273958,https://www.dia.es/product_images/273958/273958_ISO_0_ES.jpg?imwidth=392,"2,75 €",Grasas 3g de las cuales saturadas 1.1g Hidratos de Carbono 1g de los cuales azúcares 0.8g Proteínas 18.5g Sal 1.8g,No disponible,"(11,00 €/KILO)"
Pavo maxi Nuestra Alacena de Dia 900 g + 100 g,https://www.dia.es/charcuteria-y-quesos/jamon-cocido-lacon-fiambres-y-mortadela/p/273954,https://www.dia.es/product_images/273954/273954_ISO_0_ES.jpg?imwidth=392,"2,99 €",Grasas 4.5g de las cuales saturadas 1.2g Hidratos de Carbono 10g de los cuales azúcares 1.5g Proteínas 10g Sal 2g,No disponible,"(3,32 €/KILO)"
Chopped de pavo Nuestra Alacena de Dia sobre 200 g,https://www.dia.es/charcuteria-y-quesos/jamon-cocido-lacon-fiambres-y-mortadela/p/273953,https://www.dia.es/product_images/273953/273953_ISO_0_ES.jpg?imwidth=392,"1,75 €",Grasas 6g de las cuales saturadas 1.6g Hidratos de Carbono 5.5g de los cuales azúcares 1g Proteínas 12.5g Sal 2g,No disponible,"(8,75 €/KILO)"
Mortadela de pavo Nuestra Alacena de Dia sobre 200 g,https://www.dia.es/charcuteria-y-quesos/jamon-cocido-lacon-fiambres-y-mortadela/p/273952,https://www.dia.es/product_images/273952/273952_ISO_0_ES.jpg?imwidth=392,"1,59 €",Grasas 10.5g de las cuales saturadas 2.8g Hidratos de Carbono 5.5g de los cuales azúcares 1.5g Proteínas 10.5g Sal 2.1g,No disponible,"(7,95 €/KILO)"
Mortadela Bologna I.G.P. Selección Mundial de Dia sobre 150 g,https://www.dia.es/charcuteria-y-quesos/jamon-cocido-lacon-fiambres-y-mortadela/p/273756,https://www.dia.es/product_images/273756/273756_ISO_0_ES.jpg?imwidth=392,"1,99 €",Grasas 25g de las cuales saturadas 9.5g Hidratos de Carbono 0g de los cuales azúcares 0g Proteínas 15g Sal 1.9g,No disponible,"(13,27 €/KILO)"
Bacon en taco Nuestra Alacena de Dia bolsa 300 g,https://www.dia.es/charcuteria-y-quesos/jamon-cocido-lacon-fiambres-y-mortadela/p/273751,https://www.dia.es/product_images/273751/273751_ISO_0_ES.jpg?imwidth=392,"2,99 €",Grasas 20g de las cuales saturadas 7g Hidratos de Carbono 1.5g de los cuales azúcares 0.8g Proteínas 16g Sal 2.2g,No disponible,"(9,97 €/KILO)"
Fiambre maxi york Nuestra Alacena de Dia sobre 400 g,https://www.dia.es/charcuteria-y-quesos/jamon-cocido-lacon-fiambres-y-mortadela/p/273742,https://www.dia.es/product_images/273742/273742_ISO_0_ES.jpg?imwidth=392,"1,90 €",Grasas 2.5g de las cuales saturadas 0.9g Hidratos de Carbono 10g de los cuales azúcares 1g Proteínas 12g Sal 2.2g,No disponible,"(4,75 €/KILO)"
Jamón de pavo con trufa y boletus Elpozo sobre 120 + 20 g,https://www.dia.es/charcuteria-y-quesos/jamon-cocido-lacon-fiambres-y-mortadela/p/255685,https://www.dia.es/product_images/255685/255685_ISO_0_ES.jpg?imwidth=392,"2,00 €",Grasas 2.8g de las cuales saturadas 0.8g Hidratos de Carbono 1.5g de los cuales azúcares 1.4g Proteínas 14.4g Sal 2.3g,No disponible,"(16,67 €/KILO)"
Jamón asado al horno Bonnatur sobre 100 g,https://www.dia.es/charcuteria-y-quesos/jamon-cocido-lacon-fiambres-y-mortadela/p/219690,https://www.dia.es/product_images/219690/219690_ISO_0_ES.jpg?imwidth=392,"2,00 €",No disponible,No disponible,"(20,00 €/KILO)"
Mortadela ahumada Mrm sobre 200 g,https://www.dia.es/charcuteria-y-quesos/jamon-cocido-lacon-fiambres-y-mortadela/p/207576,https://www.dia.es/product_images/207576/207576_ISO_0_ES.jpg?imwidth=392,"2,29 €",Grasas 23.3g de las cuales saturadas 8.8g Hidratos de Carbono 5.1g de los cuales azúcares 0.5g Proteínas 10.6g Sal 2.7g,No disponible,"(11,45 €/KILO)"
Lacón en tapas Mrm bandeja 200 g,https://www.dia.es/charcuteria-y-quesos/jamon-cocido-lacon-fiambres-y-mortadela/p/207575,https://www.dia.es/product_images/207575/207575_ISO_0_ES.jpg?imwidth=392,"4,09 €",Grasas 3.1g de las cuales saturadas 1.2g Hidratos de Carbono 1g de los cuales azúcares 0.5g Proteínas 19.5g Sal 2g,No disponible,"(20,45 €/KILO)"
Pechuguitas de pollo asada La carloteña bandeja 100 g,https://www.dia.es/charcuteria-y-quesos/jamon-cocido-lacon-fiambres-y-mortadela/p/182582,https://www.dia.es/product_images/182582/182582_ISO_0_ES.jpg?imwidth=392,"1,99 €",Grasas 5.8g de las cuales saturadas 1.9g Hidratos de Carbono 0.1g de los cuales azúcares 0.1g Proteínas 26.8g Sal 1.3g,No disponible,"(19,90 €/KILO)"
Fiambre de pavo sándwich Elpozo bandeja 270 + 30 g,https://www.dia.es/charcuteria-y-quesos/jamon-cocido-lacon-fiambres-y-mortadela/p/178002,https://www.dia.es/product_images/178002/178002_ISO_0_ES.jpg?imwidth=392,"2,00 €",Grasas 3g de las cuales saturadas 1g Hidratos de Carbono 9g de los cuales azúcares 0.5g Proteínas 9.5g Sal 2.4g,No disponible,"(7,41 €/KILO)"
Pechuga de pavo Elpozo Bienstar sobre 115 g,https://www.dia.es/charcuteria-y-quesos/jamon-cocido-lacon-fiambres-y-mortadela/p/170157,https://www.dia.es/product_images/170157/170157_ISO_0_ES.jpg?imwidth=392,"1,50 €",Grasas 0.5g de las cuales saturadas 0.1g Hidratos de Carbono 0.5g de los cuales azúcares 0.5g Proteínas 17g Sal 1.4g,No disponible,"(13,04 €/KILO)"
Chopped pork Campofrío sobre 95 g,https://www.dia.es/charcuteria-y-quesos/jamon-cocido-lacon-fiambres-y-mortadela/p/148433,https://www.dia.es/product_images/148433/148433_ISO_0_ES.jpg?imwidth=392,"1,00 €",Grasas 13g de las cuales saturadas 5.2g Hidratos de Carbono 7g de los cuales azúcares 1g Fibra alimentaria 0g Proteínas 11g Sal 2g,3 eur dto comprando 15 eur selección campofri,No disponible
Mortadela clásica Campofrío sobre 95 g,https://www.dia.es/charcuteria-y-quesos/jamon-cocido-lacon-fiambres-y-mortadela/p/148432,https://www.dia.es/product_images/148432/148432_ISO_0_ES.jpg?imwidth=392,"1,00 €",Grasas 24g de las cuales saturadas 9g Hidratos de Carbono 4g de los cuales azúcares 0.5g Fibra alimentaria 0g Proteínas 10g Sal 2g,3 eur dto comprando 15 eur selección campofri,No disponible
Jamón de cebo ibérico 50% Nuestra Alacena de Dia bandeja 90 g,https://www.dia.es/charcuteria-y-quesos/jamon-curado-y-paleta/p/274057,https://www.dia.es/product_images/274057/274057_ISO_0_ES.jpg?imwidth=392,"4,64 €",Grasas 19g de las cuales saturadas 5.7g Hidratos de Carbono 0g de los cuales azúcares 0g Proteínas 28g Sal 4.4g,No disponible,"(51,56 €/KILO)"
Paleta de cebo ibérica 50% Nuestra Alacena de Dia bandeja 100 g,https://www.dia.es/charcuteria-y-quesos/jamon-curado-y-paleta/p/274058,https://www.dia.es/product_images/274058/274058_ISO_0_ES.jpg?imwidth=392,"4,89 €",Grasas 26g de las cuales saturadas 11.2g Hidratos de Carbono 0g de los cuales azúcares 0g Proteínas 26g Sal 4.4g,No disponible,"(48,90 €/KILO)"
Jamón Serrano Nuestra Alacena de Dia bandeja 200 g,https://www.dia.es/charcuteria-y-quesos/jamon-curado-y-paleta/p/274051,https://www.dia.es/product_images/274051/274051_ISO_0_ES.jpg?imwidth=392,"3,59 €",Grasas 16g de las cuales saturadas 5.7g Hidratos de Carbono 0.5g de los cuales azúcares 0.5g Proteínas 27g Sal 4.2g,No disponible,"(17,95 €/KILO)"
MEDIAS LONCHAS Jamón Serrano Nuestra Alacena de Dia bandeja 100 g,https://www.dia.es/charcuteria-y-quesos/jamon-curado-y-paleta/p/274052,https://www.dia.es/product_images/274052/274052_ISO_0_ES.jpg?imwidth=392,"1,73 €",Grasas 16g de las cuales saturadas 5.7g Hidratos de Carbono 0.5g de los cuales azúcares 0.5g Proteínas 27g Sal 4.2g,No disponible,"(17,30 €/KILO)"
LONCHAS EXTRAFINAS Jamón Serrano Nuestra Alacena de Dia bandeja 120 g,https://www.dia.es/charcuteria-y-quesos/jamon-curado-y-paleta/p/274053,https://www.dia.es/product_images/274053/274053_ISO_0_ES.jpg?imwidth=392,"2,45 €",Grasas 16g de las cuales saturadas 5.7g Hidratos de Carbono 0.5g de los cuales azúcares 0.5g Proteínas 27g Sal 4.2g,No disponible,"(20,42 €/KILO)"
Mini taquitos de jamón Nuestra Alacena de Dia bandeja 2 x 75 g,https://www.dia.es/charcuteria-y-quesos/jamon-curado-y-paleta/p/274059,https://www.dia.es/product_images/274059/274059_ISO_0_ES.jpg?imwidth=392,"2,21 €",Grasas 6g de las cuales saturadas 2.5g Hidratos de Carbono 1g de los cuales azúcares 1g Proteínas 30g Sal 5g,No disponible,"(14,73 €/KILO)"
Jamón curado Navidul sobre 45 g,https://www.dia.es/charcuteria-y-quesos/jamon-curado-y-paleta/p/118111,https://www.dia.es/product_images/118111/118111_ISO_0_ES.jpg?imwidth=392,"1,00 €",Grasas 10g de las cuales saturadas 3.8g Hidratos de Carbono 0.5g de los cuales azúcares 0.5g Fibra alimentaria 0g Proteínas 30g Sal 5g,No disponible,"(22,22 €/KILO)"
Paleta Curada 50% Duroc Nuestra Alacena de Dia bandeja 110 g,https://www.dia.es/charcuteria-y-quesos/jamon-curado-y-paleta/p/274055,https://www.dia.es/product_images/274055/274055_ISO_0_ES.jpg?imwidth=392,"2,69 €",Grasas 20g de las cuales saturadas 7.8g Hidratos de Carbono 0.5g de los cuales azúcares 0.5g Proteínas 27g Sal 3.4g,No disponible,"(24,45 €/KILO)"
Jamón curado Elpozo 1954 bandeja 2 x 75 g,https://www.dia.es/charcuteria-y-quesos/jamon-curado-y-paleta/p/265993,https://www.dia.es/product_images/265993/265993_ISO_0_ES.jpg?imwidth=392,"3,00 €",Grasas 12.5g de las cuales saturadas 4.6g Hidratos de Carbono 0g de los cuales azúcares 0g Proteínas 30g Sal 5g,No disponible,"(20,00 €/KILO)"
TAQUITOS de Jamón Curado para cocinar Nuestra Alacena de Dia sobre 2 x 75 g,https://www.dia.es/charcuteria-y-quesos/jamon-curado-y-paleta/p/300023,https://www.dia.es/product_images/300023/300023_ISO_0_ES.jpg?imwidth=392,"2,09 €",Grasas 16g de las cuales saturadas 5.7g Hidratos de Carbono 0.5g de los cuales azúcares 0.5g Proteínas 32g Sal 4g,No disponible,"(13,93 €/KILO)"
Pizcas de jamón de cebo ibérico 50 % Nuestra Alacena de Dia bandeja 60 g,https://www.dia.es/charcuteria-y-quesos/jamon-curado-y-paleta/p/274060,https://www.dia.es/product_images/274060/274060_ISO_0_ES.jpg?imwidth=392,"1,99 €",Grasas 28g de las cuales saturadas 3g Hidratos de Carbono 1g de los cuales azúcares 1g Proteínas 31g Sal 3.3g,No disponible,"(33,17 €/KILO)"
Jamón curado Elpozo 1954 sobre 100 g,https://www.dia.es/charcuteria-y-quesos/jamon-curado-y-paleta/p/262594,https://www.dia.es/product_images/262594/262594_ISO_0_ES.jpg?imwidth=392,"2,00 €",Grasas 12.5g de las cuales saturadas 4.6g Hidratos de Carbono 0g de los cuales azúcares 0g Proteínas 30g Sal 5g,No disponible,"(20,00 €/KILO)"
PÉTALOS Jamón de cebo Ibérico Nuestra Alacena de Dia sobre 80 g,https://www.dia.es/charcuteria-y-quesos/jamon-curado-y-paleta/p/301105,https://www.dia.es/product_images/301105/301105_ISO_0_ES.jpg?imwidth=392,"3,99 €",Grasas 28g de las cuales saturadas 3g Hidratos de Carbono 1g de los cuales azúcares 1g Proteínas 31g Sal 3.3g,No disponible,"(49,88 €/KILO)"
Jamón curado bajo en sal Navidul sobre 45 g,https://www.dia.es/charcuteria-y-quesos/jamon-curado-y-paleta/p/220189,https://www.dia.es/product_images/220189/220189_ISO_0_ES.jpg?imwidth=392,"1,00 €",Grasas 10g de las cuales saturadas 3.8g Hidratos de Carbono 0.5g de los cuales azúcares 0.5g Fibra alimentaria 0g Proteínas 30g Sal 3.5g,No disponible,"(22,22 €/KILO)"
TACO de jamón curado Nuestra Alacena de Dia 200 g,https://www.dia.es/charcuteria-y-quesos/jamon-curado-y-paleta/p/301107,https://www.dia.es/product_images/301107/301107_ISO_0_ES.jpg?imwidth=392,"3,69 €",Grasas 16g de las cuales saturadas 5.7g Hidratos de Carbono 0.5g de los cuales azúcares 0.5g Proteínas 27g Sal 3.2g,No disponible,"(18,45 €/KILO)"
Jamón Serrano 50% Duroc Nuestra Alacena de Dia sobre 125 g,https://www.dia.es/charcuteria-y-quesos/jamon-curado-y-paleta/p/301104,https://www.dia.es/product_images/301104/301104_ISO_0_ES.jpg?imwidth=392,"3,99 €",Grasas 20.6g de las cuales saturadas 6g Hidratos de Carbono 1.9g de los cuales azúcares 1.3g Proteínas 32.7g Sal 4.6g,No disponible,"(31,92 €/KILO)"
PÉTALOS paleta de cebo ibérica Nuestra Alacena de Dia sobre 90 g,https://www.dia.es/charcuteria-y-quesos/jamon-curado-y-paleta/p/301106,https://www.dia.es/product_images/301106/301106_ISO_0_ES.jpg?imwidth=392,"4,19 €",Grasas 26g de las cuales saturadas 10.5g Hidratos de Carbono 1g de los cuales azúcares 1g Proteínas 28g Sal 5g,No disponible,"(46,56 €/KILO)"
Jamón gran reserva 8 Kg,https://www.dia.es/charcuteria-y-quesos/jamon-curado-y-paleta/p/226880,https://www.dia.es/product_images/226880/226880_ISO_0_ES.jpg?imwidth=392,"85,00 €",Grasas 20g de las cuales saturadas 7.2g Hidratos de Carbono 0.1g de los cuales azúcares 0.1g Proteínas 29.8g Sal 2.8g,No disponible,"(10,63 €/KILO)"
Lomo embuchado Nuestra Alacena de Dia bandeja 2 x 70 g,https://www.dia.es/charcuteria-y-quesos/lomo-chorizo-fuet-salchichon/p/274063,https://www.dia.es/product_images/274063/274063_ISO_0_ES.jpg?imwidth=392,"2,49 €",Grasas 5g de las cuales saturadas 1.9g Hidratos de Carbono 1.5g de los cuales azúcares 1.5g Proteínas 34g Sal 3.5g,No disponible,"(17,79 €/KILO)"
Espetec extra Casa Tarradellas bolsa 180 g,https://www.dia.es/charcuteria-y-quesos/lomo-chorizo-fuet-salchichon/p/37114,https://www.dia.es/product_images/37114/37114_ISO_0_ES.jpg?imwidth=392,"2,49 €",Grasas 34g de las cuales saturadas 13.3g Hidratos de Carbono 1.4g de los cuales azúcares 1.4g Proteínas 27.5g Sal 3.8g,No disponible,"(13,83 €/KILO)"
Chorizo extra dulce Nuestra Alacena de Dia bolsa 270 g,https://www.dia.es/charcuteria-y-quesos/lomo-chorizo-fuet-salchichon/p/273976,https://www.dia.es/product_images/273976/273976_ISO_0_ES.jpg?imwidth=392,"2,40 €",Grasas 43g de las cuales saturadas 16g Hidratos de Carbono 1g de los cuales azúcares 0g Proteínas 26g Sal 3.6g,No disponible,"(8,89 €/KILO)"
Chorizo de pamplona extra Nuestra Alacena de Dia bandeja 2 x 100 g,https://www.dia.es/charcuteria-y-quesos/lomo-chorizo-fuet-salchichon/p/273982,https://www.dia.es/product_images/273982/273982_ISO_0_ES.jpg?imwidth=392,"1,73 €",Grasas 39.8g de las cuales saturadas 14.3g Hidratos de Carbono 3.1g de los cuales azúcares 0.9g Proteínas 18g Sal 3.5g,No disponible,"(8,65 €/KILO)"
Chorizo extra Nuestra Alacena de Dia bandeja 2 x 100 g,https://www.dia.es/charcuteria-y-quesos/lomo-chorizo-fuet-salchichon/p/273988,https://www.dia.es/product_images/273988/273988_ISO_0_ES.jpg?imwidth=392,"1,75 €",Grasas 20g de las cuales saturadas 7g Hidratos de Carbono 1.7g de los cuales azúcares 1g Proteínas 18.5g Sal 3.5g,No disponible,"(8,75 €/KILO)"
Chorizo y salchichón extra Nuestra Alacena de Dia bandeja 2 x 100 g,https://www.dia.es/charcuteria-y-quesos/lomo-chorizo-fuet-salchichon/p/273991,https://www.dia.es/product_images/273991/273991_ISO_0_ES.jpg?imwidth=392,"2,39 €",Grasas 19.5g de las cuales saturadas 6.8g Hidratos de Carbono 5g de los cuales azúcares 1g Proteínas 19g Sal 3.5g,No disponible,"(11,95 €/KILO)"
Salami extra Nuestra Alacena de Dia bandeja 200 g,https://www.dia.es/charcuteria-y-quesos/lomo-chorizo-fuet-salchichon/p/274141,https://www.dia.es/product_images/274141/274141_ISO_0_ES.jpg?imwidth=392,"1,62 €",Grasas 40g de las cuales saturadas 15g Hidratos de Carbono 1g de los cuales azúcares 1g Proteínas 18g Sal 3.4g,No disponible,"(8,10 €/KILO)"
Espetec extra Nuestra Alacena de Dia bolsa 170 g,https://www.dia.es/charcuteria-y-quesos/lomo-chorizo-fuet-salchichon/p/274137,https://www.dia.es/product_images/274137/274137_ISO_0_ES.jpg?imwidth=392,"2,25 €",Grasas 37g de las cuales saturadas 13g Hidratos de Carbono 4g de los cuales azúcares 3g Proteínas 28.5g Sal 5g,No disponible,"(13,24 €/KILO)"
Chorizo extra picante Nuestra Alacena de Dia bolsa 270 g,https://www.dia.es/charcuteria-y-quesos/lomo-chorizo-fuet-salchichon/p/273977,https://www.dia.es/product_images/273977/273977_ISO_0_ES.jpg?imwidth=392,"2,40 €",Grasas 34g de las cuales saturadas 10g Hidratos de Carbono 0.9g de los cuales azúcares 0.5g Proteínas 24g Sal 3.5g,No disponible,"(8,89 €/KILO)"
Longaniza payés extra Nuestra Alacena de Dia bandeja 2 x 50 g,https://www.dia.es/charcuteria-y-quesos/lomo-chorizo-fuet-salchichon/p/303639,https://www.dia.es/product_images/303639/303639_ISO_0_ES.jpg?imwidth=392,"1,79 €",Grasas 33g de las cuales saturadas 13g Hidratos de Carbono 3.7g de los cuales azúcares 2.2g Proteínas 32g Sal 4.3g,No disponible,"(17,90 €/KILO)"
Salchichón extra Nuestra Alacena de Dia bandeja 2 x 100 g,https://www.dia.es/charcuteria-y-quesos/lomo-chorizo-fuet-salchichon/p/274140,https://www.dia.es/product_images/274140/274140_ISO_0_ES.jpg?imwidth=392,"1,71 €",Grasas 19.5g de las cuales saturadas 6.8g Hidratos de Carbono 5g de los cuales azúcares 3.5g Proteínas 19g Sal 3.5g,No disponible,"(8,55 €/KILO)"
Chorizo Revilla sobre 65 g,https://www.dia.es/charcuteria-y-quesos/lomo-chorizo-fuet-salchichon/p/15976,https://www.dia.es/product_images/15976/15976_ISO_0_ES.jpg?imwidth=392,"1,00 €",Grasas 25g de las cuales saturadas 9g Hidratos de Carbono 2.5g de los cuales azúcares 1.5g Fibra alimentaria 0g Proteínas 21g Sal 3.5g,No disponible,"(15,38 €/KILO)"
Cabecero de lomo Nuestra Alacena de Dia sobre 2 x 70 g,https://www.dia.es/charcuteria-y-quesos/lomo-chorizo-fuet-salchichon/p/300434,https://www.dia.es/product_images/300434/300434_ISO_0_ES.jpg?imwidth=392,"2,68 €",Grasas 16g de las cuales saturadas 5.8g Hidratos de Carbono 2g de los cuales azúcares 2g Proteínas 30g Sal 3.5g,No disponible,"(19,14 €/KILO)"
Taquitos de chorizo Revilla bandeja 65 g,https://www.dia.es/charcuteria-y-quesos/lomo-chorizo-fuet-salchichon/p/286351,https://www.dia.es/product_images/286351/286351_ISO_0_ES.jpg?imwidth=392,"1,00 €",Grasas 26g de las cuales saturadas 9.9g Hidratos de Carbono 2.5g de los cuales azúcares 1.5g Fibra alimentaria 0g Proteínas 19g Sal 3.5g,No disponible,"(15,38 €/KILO)"
Fuet extra Nuestra Alacena de Dia bolsa 2 x 170 g,https://www.dia.es/charcuteria-y-quesos/lomo-chorizo-fuet-salchichon/p/274138,https://www.dia.es/product_images/274138/274138_ISO_0_ES.jpg?imwidth=392,"3,79 €",Grasas 38g de las cuales saturadas 14g Hidratos de Carbono 3.3g de los cuales azúcares 2.6g Proteínas 30g Sal 4.3g,No disponible,"(11,15 €/KILO)"
Mini fuet Nuestra Alacena de Dia bolsa 50 g,https://www.dia.es/charcuteria-y-quesos/lomo-chorizo-fuet-salchichon/p/297911,https://www.dia.es/product_images/297911/297911_ISO_0_ES.jpg?imwidth=392,"0,99 €",Grasas 32.9g de las cuales saturadas 12.8g Hidratos de Carbono 3.4g de los cuales azúcares 1.8g Proteínas 34.3g Sal 4.32g,No disponible,"(19,80 €/KILO)"
Sobrasada Elpozo tarrina 250 g,https://www.dia.es/charcuteria-y-quesos/lomo-chorizo-fuet-salchichon/p/115088,https://www.dia.es/product_images/115088/115088_ISO_0_ES.jpg?imwidth=392,"1,99 €",Grasas 60g de las cuales saturadas 20g Hidratos de Carbono 0.5g de los cuales azúcares 0.5g Proteínas 7.3g Sal 2.4g,No disponible,"(7,96 €/KILO)"
Chorizo ibérico extra Nuestra Alacena de Dia bandeja 2 x 60 g,https://www.dia.es/charcuteria-y-quesos/lomo-chorizo-fuet-salchichon/p/273996,https://www.dia.es/product_images/273996/273996_ISO_0_ES.jpg?imwidth=392,"2,02 €",Grasas 37g de las cuales saturadas 11g Hidratos de Carbono 1g de los cuales azúcares 0.5g Proteínas 21g Sal 2.8g,No disponible,"(16,83 €/KILO)"
Caña de lomo Navidul sobre 40 g,https://www.dia.es/charcuteria-y-quesos/lomo-chorizo-fuet-salchichon/p/134228,https://www.dia.es/product_images/134228/134228_ISO_0_ES.jpg?imwidth=392,"1,09 €",Grasas 5.7g de las cuales saturadas 2.2g Hidratos de Carbono 1g de los cuales azúcares 0.9g Fibra alimentaria 0g Proteínas 39g Sal 4.3g,No disponible,"(27,25 €/KILO)"
Salchichón ibérico extra Nuestra Alacena de Dia bandeja 2 x 60 g,https://www.dia.es/charcuteria-y-quesos/lomo-chorizo-fuet-salchichon/p/274186,https://www.dia.es/product_images/274186/274186_ISO_0_ES.jpg?imwidth=392,"2,09 €",Grasas 34g de las cuales saturadas 10g Hidratos de Carbono 1.8g de los cuales azúcares 0.8g Proteínas 21g Sal 3.3g,No disponible,"(17,42 €/KILO)"
Chorizo dulce Palacios bolsa 250 g,https://www.dia.es/charcuteria-y-quesos/lomo-chorizo-fuet-salchichon/p/51728,https://www.dia.es/product_images/51728/51728_ISO_0_ES.jpg?imwidth=392,"3,79 €",Grasas 43g de las cuales saturadas 16g Hidratos de Carbono 0.7g de los cuales azúcares 0.3g Fibra alimentaria 0g Proteínas 26g Sal 3.6g,No disponible,"(15,16 €/KILO)"
Longaniza con pavo Elpozo bolsa 230 g,https://www.dia.es/charcuteria-y-quesos/lomo-chorizo-fuet-salchichon/p/42200,https://www.dia.es/product_images/42200/42200_ISO_0_ES.jpg?imwidth=392,"2,95 €",Grasas 23.5g de las cuales saturadas 8.2g Hidratos de Carbono 5.5g de los cuales azúcares 5g Proteínas 26g Sal 4.5g,No disponible,"(12,83 €/KILO)"
Pétalos salchichón extra 50% duroc Nuestra Alacena de Dia sobre 80 g,https://www.dia.es/charcuteria-y-quesos/lomo-chorizo-fuet-salchichon/p/301722,https://www.dia.es/product_images/301722/301722_ISO_0_ES.jpg?imwidth=392,"1,99 €",Grasas 25g de las cuales saturadas 9.2g Hidratos de Carbono 5.9g de los cuales azúcares 3.6g Proteínas 25g Sal 3.5g,No disponible,"(24,88 €/KILO)"
Mini fuet con pavo Nuestra Alacena de Dia bolsa 50 g,https://www.dia.es/charcuteria-y-quesos/lomo-chorizo-fuet-salchichon/p/297914,https://www.dia.es/product_images/297914/297914_ISO_0_ES.jpg?imwidth=392,"0,99 €",Grasas 37.1g de las cuales saturadas 12.9g Hidratos de Carbono 2.6g de los cuales azúcares 1.3g Proteínas 29g Sal 3.71g,No disponible,"(19,80 €/KILO)"
Salchichón de Vic Exentis sobre 80 g,https://www.dia.es/charcuteria-y-quesos/lomo-chorizo-fuet-salchichon/p/296643,https://www.dia.es/product_images/296643/296643_ISO_0_ES.jpg?imwidth=392,"2,25 €",Grasas 25g de las cuales saturadas 8.8g Hidratos de Carbono 0.7g de los cuales azúcares 0.5g Proteínas 32g Sal 4.6g,No disponible,"(28,13 €/KILO)"
Pétalos de lomo embuchado 50% duroc Boadas sobre 80 g,https://www.dia.es/charcuteria-y-quesos/lomo-chorizo-fuet-salchichon/p/296492,https://www.dia.es/product_images/296492/296492_ISO_0_ES.jpg?imwidth=392,"2,35 €",Grasas 14.5g de las cuales saturadas 4.7g Hidratos de Carbono 1.5g de los cuales azúcares 1.5g Proteínas 37g Sal 3.2g,No disponible,"(29,38 €/KILO)"
Lomo embuchado ya cortado España e hijos sobre 200 g,https://www.dia.es/charcuteria-y-quesos/lomo-chorizo-fuet-salchichon/p/293718,https://www.dia.es/product_images/293718/293718_ISO_0_ES.jpg?imwidth=392,"3,99 €",No disponible,No disponible,"(19,95 €/KILO)"
Salchichón extra ya cortado España e hijos sobre 200 g,https://www.dia.es/charcuteria-y-quesos/lomo-chorizo-fuet-salchichon/p/293717,https://www.dia.es/product_images/293717/293717_ISO_0_ES.jpg?imwidth=392,"2,89 €",No disponible,No disponible,"(14,45 €/KILO)"
Chorizo extra ya cortado España e hijos sobre 200 g,https://www.dia.es/charcuteria-y-quesos/lomo-chorizo-fuet-salchichon/p/293714,https://www.dia.es/product_images/293714/293714_ISO_0_ES.jpg?imwidth=392,"2,89 €",No disponible,No disponible,"(14,45 €/KILO)"
Salchichón a la pimienta Sola bandeja 100 g,https://www.dia.es/charcuteria-y-quesos/lomo-chorizo-fuet-salchichon/p/276169,https://www.dia.es/product_images/276169/276169_ISO_0_ES.jpg?imwidth=392,"1,99 €",Grasas 20g de las cuales saturadas 7.5g Hidratos de Carbono 4g de los cuales azúcares 3g Proteínas 30g Sal 4.2g,No disponible,"(19,90 €/KILO)"
Longaniza imperial Elpozo bolsa 250 g,https://www.dia.es/charcuteria-y-quesos/lomo-chorizo-fuet-salchichon/p/27468,https://www.dia.es/product_images/27468/27468_ISO_0_ES.jpg?imwidth=392,"2,95 €",Grasas 29g de las cuales saturadas 10.2g Hidratos de Carbono 5g de los cuales azúcares 4.5g Proteínas 26.5g Sal 4g,No disponible,"(11,80 €/KILO)"
Salchichón ibérico Nuestra Alacena de Dia bolsa 90 g,https://www.dia.es/charcuteria-y-quesos/lomo-chorizo-fuet-salchichon/p/274187,https://www.dia.es/product_images/274187/274187_ISO_0_ES.jpg?imwidth=392,"2,39 €",Grasas 42g de las cuales saturadas 18g Hidratos de Carbono 2.5g de los cuales azúcares 1.9g Proteínas 26g Sal 3.3g,No disponible,"(26,56 €/KILO)"
Lomo de cebo ibérico 50% Nuestra Alacena de Dia bandeja 80 g,https://www.dia.es/charcuteria-y-quesos/lomo-chorizo-fuet-salchichon/p/274064,https://www.dia.es/product_images/274064/274064_ISO_0_ES.jpg?imwidth=392,"3,69 €",Grasas 16g de las cuales saturadas 4.7g Hidratos de Carbono 0.7g de los cuales azúcares 0.7g Proteínas 36g Sal 3.5g,No disponible,"(46,13 €/KILO)"
Chorizo ibérico Nuestra Alacena de Dia sobre 90 g,https://www.dia.es/charcuteria-y-quesos/lomo-chorizo-fuet-salchichon/p/274000,https://www.dia.es/product_images/274000/274000_ISO_0_ES.jpg?imwidth=392,"2,39 €",Grasas 36g de las cuales saturadas 15g Hidratos de Carbono 1g de los cuales azúcares 0.5g Proteínas 32g Sal 2.9g,No disponible,"(26,56 €/KILO)"
Chorizo de pavo extra Nuestra Alacena de Dia bandeja 2 x 75 g,https://www.dia.es/charcuteria-y-quesos/lomo-chorizo-fuet-salchichon/p/273994,https://www.dia.es/product_images/273994/273994_ISO_0_ES.jpg?imwidth=392,"2,38 €",Grasas 23g de las cuales saturadas 7g Hidratos de Carbono 1.8g de los cuales azúcares 1.3g Proteínas 24g Sal 3.5g,No disponible,"(15,87 €/KILO)"
Chorizo de león picante Nuestra Alacena de Dia bandeja 100 g,https://www.dia.es/charcuteria-y-quesos/lomo-chorizo-fuet-salchichon/p/273985,https://www.dia.es/product_images/273985/273985_ISO_0_ES.jpg?imwidth=392,"1,99 €",Grasas 38.7g de las cuales saturadas 15.2g Hidratos de Carbono 2.6g de los cuales azúcares 1g Proteínas 26.8g Sal 2.75g,No disponible,"(19,90 €/KILO)"
Chorizo de león dulce Nuestra Alacena de Dia bandeja 100 g,https://www.dia.es/charcuteria-y-quesos/lomo-chorizo-fuet-salchichon/p/273984,https://www.dia.es/product_images/273984/273984_ISO_0_ES.jpg?imwidth=392,"1,99 €",Grasas 38.7g de las cuales saturadas 15.1g Hidratos de Carbono 2.5g Proteínas 26.7g Sal 2.75g,No disponible,"(19,90 €/KILO)"
Salchichón nobleza Elpozo bandeja 65 g,https://www.dia.es/charcuteria-y-quesos/lomo-chorizo-fuet-salchichon/p/176887,https://www.dia.es/product_images/176887/176887_ISO_0_ES.jpg?imwidth=392,"1,00 €",Grasas 19.5g de las cuales saturadas 6.8g Hidratos de Carbono 5g de los cuales azúcares 3.5g Proteínas 19g Sal 3.5g,No disponible,"(15,38 €/KILO)"
Queso mozzarella rallado Dia Láctea bolsa 200 g,https://www.dia.es/charcuteria-y-quesos/queso-curado-semicurado-y-tierno/p/13096,https://www.dia.es/product_images/13096/13096_ISO_0_ES.jpg?imwidth=392,"1,57 €",Grasas 21.4g de las cuales saturadas 15g Hidratos de Carbono 2.2g de los cuales azúcares 0.5g Proteínas 24.5g Sal 1.3g,No disponible,"(7,85 €/KILO)"
Queso mezcla 4 quesos rallado Dia Láctea bolsa 200 g,https://www.dia.es/charcuteria-y-quesos/queso-curado-semicurado-y-tierno/p/50652,https://www.dia.es/product_images/50652/50652_ISO_0_ES.jpg?imwidth=392,"1,87 €",Grasas 30g de las cuales saturadas 21g Hidratos de Carbono 1.9g de los cuales azúcares 0g Proteínas 26g Sal 1.6g,No disponible,"(9,35 €/KILO)"
Queso semicurado El Cencerro de Dia Dia 250 g,https://www.dia.es/charcuteria-y-quesos/queso-curado-semicurado-y-tierno/p/108586,https://www.dia.es/product_images/108586/108586_ISO_0_ES.jpg?imwidth=392,"2,75 €",Grasas 32g de las cuales saturadas 22g Hidratos de Carbono 1g de los cuales azúcares 0.5g Proteínas 22g Sal 1.8g,No disponible,"(11,00 €/KILO)"
Queso especial pasta en polvo Dia Láctea bolsa 150 g,https://www.dia.es/charcuteria-y-quesos/queso-curado-semicurado-y-tierno/p/263635,https://www.dia.es/product_images/263635/263635_ISO_0_ES.jpg?imwidth=392,"1,28 €",Grasas 14g de las cuales saturadas 9.4g Hidratos de Carbono 21g de los cuales azúcares 0.5g Proteínas 14g Sal 2.2g,No disponible,"(8,53 €/KILO)"
Queso curado El Cencerro de Dia 250 g,https://www.dia.es/charcuteria-y-quesos/queso-curado-semicurado-y-tierno/p/108589,https://www.dia.es/product_images/108589/108589_ISO_0_ES.jpg?imwidth=392,"2,99 €",Grasas 34g de las cuales saturadas 24g Hidratos de Carbono 1g de los cuales azúcares 0.5g Proteínas 23g Sal 1.8g,No disponible,"(11,96 €/KILO)"
Queso tierno de vaca El Cencerro de Dia sobre 250 g,https://www.dia.es/charcuteria-y-quesos/queso-curado-semicurado-y-tierno/p/263225,https://www.dia.es/product_images/263225/263225_ISO_0_ES.jpg?imwidth=392,"2,00 €",Grasas 32g de las cuales saturadas 22g Hidratos de Carbono 1g de los cuales azúcares 0.5g Proteínas 20g Sal 1.3g Calcio 711mg Fósforo 227mg,No disponible,"(8,00 €/KILO)"
Rulo de queso de cabra Dia Lactea 140 g,https://www.dia.es/charcuteria-y-quesos/queso-curado-semicurado-y-tierno/p/120966,https://www.dia.es/product_images/120966/120966_ISO_0_ES.jpg?imwidth=392,"1,61 €",Grasas 29g de las cuales saturadas 21g Hidratos de Carbono 1g de los cuales azúcares 0.5g Proteínas 16g Sal 1.2g,No disponible,"(11,50 €/KILO)"
Queso havarti Selección Mundial de Dia sobre 160 g,https://www.dia.es/charcuteria-y-quesos/queso-curado-semicurado-y-tierno/p/302946,https://www.dia.es/product_images/302946/302946_ISO_0_ES.jpg?imwidth=392,"2,03 €",Grasas 33g de las cuales saturadas 21.1g Hidratos de Carbono 0.1g de los cuales azúcares 0.1g Proteínas 21g Sal 1.8g,No disponible,"(12,69 €/KILO)"
Queso semicurado El Cencerro de Dia sobre 200 g,https://www.dia.es/charcuteria-y-quesos/queso-curado-semicurado-y-tierno/p/263228,https://www.dia.es/product_images/263228/263228_ISO_0_ES.jpg?imwidth=392,"2,30 €",Grasas 33g de las cuales saturadas 22g Hidratos de Carbono 0.8g de los cuales azúcares 0.5g Proteínas 23g Sal 1.5g Calcio 707mg,No disponible,"(11,50 €/KILO)"
Dados de queso especial ensalada Dia Láctea bolsa 100 g,https://www.dia.es/charcuteria-y-quesos/queso-curado-semicurado-y-tierno/p/290034,https://www.dia.es/product_images/290034/290034_ISO_0_ES.jpg?imwidth=392,"1,29 €",Grasas 31.3g de las cuales saturadas 21.9g Hidratos de Carbono 0g de los cuales azúcares 0g Proteínas 23g Sal 1.8g,No disponible,"(12,90 €/KILO)"
Queso tierno El Cencerro de Dia 300 g,https://www.dia.es/charcuteria-y-quesos/queso-curado-semicurado-y-tierno/p/263306,https://www.dia.es/product_images/263306/263306_ISO_0_ES.jpg?imwidth=392,"2,73 €",Grasas 31g de las cuales saturadas 19g Hidratos de Carbono 0.8g de los cuales azúcares 0.8g Proteínas 21g Sal 1.3g Calcio 590mg,No disponible,"(9,10 €/KILO)"
Queso grana padano rallado Selección Mundial de Dia bolsa 100 g,https://www.dia.es/charcuteria-y-quesos/queso-curado-semicurado-y-tierno/p/182969,https://www.dia.es/product_images/182969/182969_ISO_0_ES.jpg?imwidth=392,"1,62 €",Grasas 29g de las cuales saturadas 18g Hidratos de Carbono 0g de los cuales azúcares 0g Proteínas 33g Sal 1.5g,No disponible,"(16,20 €/KILO)"
Queso tierno El Cencerro de Dia 1 Kg,https://www.dia.es/charcuteria-y-quesos/queso-curado-semicurado-y-tierno/p/51981,https://www.dia.es/product_images/51981/51981_ISO_0_ES.jpg?imwidth=392,"8,57 €",Grasas 31g de las cuales saturadas 19g Hidratos de Carbono 1.5g de los cuales azúcares 0.5g Proteínas 22g Sal 1.4g,No disponible,"(8,57 €/KILO)"
Queso especial gratinar rallado Dia Láctea bolsa 200 g,https://www.dia.es/charcuteria-y-quesos/queso-curado-semicurado-y-tierno/p/20423,https://www.dia.es/product_images/20423/20423_ISO_0_ES.jpg?imwidth=392,"1,39 €",Grasas 21g de las cuales saturadas 15g Hidratos de Carbono 10g de los cuales azúcares 0.5g Proteínas 21g Sal 3.7g,No disponible,"(6,95 €/KILO)"
Queso tierno El Cencerro de Dia sobre 250 g,https://www.dia.es/charcuteria-y-quesos/queso-curado-semicurado-y-tierno/p/60253,https://www.dia.es/product_images/60253/60253_ISO_0_ES.jpg?imwidth=392,"2,31 €",Grasas 31g de las cuales saturadas 19g Hidratos de Carbono 1g de los cuales azúcares 0.5g Proteínas 21g Sal 1.5g Calcio 590mg,No disponible,"(9,24 €/KILO)"
Queso gouda rallado Dia Láctea bolsa 200 g,https://www.dia.es/charcuteria-y-quesos/queso-curado-semicurado-y-tierno/p/292470,https://www.dia.es/product_images/292470/292470_ISO_0_ES.jpg?imwidth=392,"1,58 €",Grasas 27.3g de las cuales saturadas 17.9g Hidratos de Carbono 1.7g de los cuales azúcares 0g Proteínas 23.2g Sal 1.9g,No disponible,"(7,90 €/KILO)"
Queso curado cortado El Cencerro de Dia 250 g,https://www.dia.es/charcuteria-y-quesos/queso-curado-semicurado-y-tierno/p/263675,https://www.dia.es/product_images/263675/263675_ISO_0_ES.jpg?imwidth=392,"3,66 €",Grasas 34g de las cuales saturadas 24g Hidratos de Carbono 1g de los cuales azúcares 0.5g Proteínas 23g Sal 1.8g,No disponible,"(14,64 €/KILO)"
Queso mezcla añejo Descarado El Cencerro de Dia 250 g,https://www.dia.es/charcuteria-y-quesos/queso-curado-semicurado-y-tierno/p/292040,https://www.dia.es/product_images/292040/292040_ISO_0_ES.jpg?imwidth=392,"3,62 €",Grasas 34.4g de las cuales saturadas 22.8g Hidratos de Carbono 2.1g de los cuales azúcares 0.8g Proteínas 24.4g Sal 1.84g,No disponible,"(14,48 €/KILO)"
Queso tierno de cabra El Cencerro de Dia bandeja 550 g,https://www.dia.es/charcuteria-y-quesos/queso-curado-semicurado-y-tierno/p/63090,https://www.dia.es/product_images/63090/63090_ISO_0_ES.jpg?imwidth=392,"7,95 €",Grasas 33g de las cuales saturadas 22g Hidratos de Carbono 2g de los cuales azúcares 1.5g Proteínas 21g Sal 1.5g,No disponible,"(14,45 €/KILO)"
Queso rallado 4 quesos especial para gratinar El Caserío bolsa 120 g,https://www.dia.es/charcuteria-y-quesos/queso-curado-semicurado-y-tierno/p/35416,https://www.dia.es/product_images/35416/35416_ISO_0_ES.jpg?imwidth=392,"2,64 €",Grasas 28g de las cuales saturadas 19g Hidratos de Carbono 0.1g de los cuales azúcares 0.1g Fibra alimentaria 0.9g Proteínas 25g Sal 1.4g,No disponible,"(22,00 €/KILO)"
Queso viejo tostado mezcla García Baquero 200 g,https://www.dia.es/charcuteria-y-quesos/queso-curado-semicurado-y-tierno/p/304006,https://www.dia.es/product_images/304006/304006_ISO_0_ES.jpg?imwidth=392,"4,03 €",No disponible,No disponible,"(20,15 €/KILO)"
Queso fundido sándwich Dia Láctea sobre 160 g,https://www.dia.es/charcuteria-y-quesos/queso-curado-semicurado-y-tierno/p/302962,https://www.dia.es/product_images/302962/302962_ISO_0_ES.jpg?imwidth=392,"1,19 €",Grasas 17g de las cuales saturadas 11.5g Hidratos de Carbono 0g de los cuales azúcares 0g Proteínas 28g Sal 1.8g,No disponible,"(7,44 €/KILO)"
Queso havarti light Selección Mundial de Dia sobre 160 g,https://www.dia.es/charcuteria-y-quesos/queso-curado-semicurado-y-tierno/p/302947,https://www.dia.es/product_images/302947/302947_ISO_0_ES.jpg?imwidth=392,"2,03 €",Grasas 16g de las cuales saturadas 10g Hidratos de Carbono 0.1g de los cuales azúcares 0.1g Proteínas 29g Sal 1.7g,No disponible,"(12,69 €/KILO)"
Queso de oveja añejo y picante Osado El Cencerro de Dia 200 g,https://www.dia.es/charcuteria-y-quesos/queso-curado-semicurado-y-tierno/p/302652,https://www.dia.es/product_images/302652/302652_ISO_0_ES.jpg?imwidth=392,"3,83 €",Grasas 42g de las cuales saturadas 27g Hidratos de Carbono 1g de los cuales azúcares 0.5g Proteínas 25g Sal 1.8g,No disponible,"(19,15 €/KILO)"
Queso semicurado ya cortado García Baquero 225 g,https://www.dia.es/charcuteria-y-quesos/queso-curado-semicurado-y-tierno/p/301665,https://www.dia.es/product_images/301665/301665_ISO_0_ES.jpg?imwidth=392,"3,99 €",No disponible,No disponible,"(17,73 €/KILO)"
Queso semicurado García Baquero 180 g,https://www.dia.es/charcuteria-y-quesos/queso-curado-semicurado-y-tierno/p/300069,https://www.dia.es/product_images/300069/300069_ISO_0_ES.jpg?imwidth=392,"2,99 €",No disponible,No disponible,"(16,61 €/KILO)"
Queso madurado D.O.P. Arzúa-Ulloa Cruceiro 550 g,https://www.dia.es/charcuteria-y-quesos/queso-curado-semicurado-y-tierno/p/299088,https://www.dia.es/product_images/299088/299088_ISO_0_ES.jpg?imwidth=392,"5,09 €",No disponible,No disponible,"(9,25 €/KILO)"
Queso de tetilla D.O.P. Cruceiro 550 g,https://www.dia.es/charcuteria-y-quesos/queso-curado-semicurado-y-tierno/p/299086,https://www.dia.es/product_images/299086/299086_ISO_0_ES.jpg?imwidth=392,"5,09 €",No disponible,No disponible,"(9,25 €/KILO)"
Medallones de queso de cabra Dia Láctea 100 g,https://www.dia.es/charcuteria-y-quesos/queso-curado-semicurado-y-tierno/p/295596,https://www.dia.es/product_images/295596/295596_ISO_0_ES.jpg?imwidth=392,"1,68 €",Grasas 24.1g de las cuales saturadas 17g Hidratos de Carbono 2.7g de los cuales azúcares 1.3g Proteínas 15.1g Sal 1.3g,No disponible,"(16,80 €/KILO)"
Rulo de queso de vaca Dia Lactea 140 g,https://www.dia.es/charcuteria-y-quesos/queso-curado-semicurado-y-tierno/p/295594,https://www.dia.es/product_images/295594/295594_ISO_0_ES.jpg?imwidth=392,"1,42 €",Grasas 25g de las cuales saturadas 16g Hidratos de Carbono 1g de los cuales azúcares 0.5g Proteínas 16g Sal 1.2g,No disponible,"(10,14 €/KILO)"
Queso light rallado Dia Láctea bolsa 150 g,https://www.dia.es/charcuteria-y-quesos/queso-curado-semicurado-y-tierno/p/292469,https://www.dia.es/product_images/292469/292469_ISO_0_ES.jpg?imwidth=392,"1,75 €",Grasas 16.3g de las cuales saturadas 11.3g Hidratos de Carbono 1.7g de los cuales azúcares 0g Proteínas 27.5g Sal 1.8g,No disponible,"(11,67 €/KILO)"
Queso de oveja curado Insólito El Cencerro de Dia 200 g,https://www.dia.es/charcuteria-y-quesos/queso-curado-semicurado-y-tierno/p/292092,https://www.dia.es/product_images/292092/292092_ISO_0_ES.jpg?imwidth=392,"3,87 €",Grasas 39.9g de las cuales saturadas 28.4g Hidratos de Carbono 1.5g de los cuales azúcares 0.6g Proteínas 25.1g Sal 1.58g,No disponible,"(19,35 €/KILO)"
Queso de oveja curado El Cencerro de Dia 250 g,https://www.dia.es/charcuteria-y-quesos/queso-curado-semicurado-y-tierno/p/290782,https://www.dia.es/product_images/290782/290782_ISO_0_ES.jpg?imwidth=392,"3,99 €",Grasas 36g de las cuales saturadas 24g Hidratos de Carbono 1g de los cuales azúcares 0.5g Proteínas 24g Sal 1.8g,No disponible,"(15,96 €/KILO)"
Queso semicurado García Baquero sobre 120 g,https://www.dia.es/charcuteria-y-quesos/queso-curado-semicurado-y-tierno/p/283707,https://www.dia.es/product_images/283707/283707_ISO_0_ES.jpg?imwidth=392,"2,00 €",Grasas 34.5g de las cuales saturadas 23.4g Hidratos de Carbono 1.5g de los cuales azúcares 1.5g Proteínas 25g Sal 1.6g Calcio 710mg Fósforo 460mg,No disponible,"(16,67 €/KILO)"
Queso curado de oveja trufado Vega sotuelamos 170 g,https://www.dia.es/charcuteria-y-quesos/queso-curado-semicurado-y-tierno/p/282774,https://www.dia.es/product_images/282774/282774_ISO_0_ES.jpg?imwidth=392,"4,99 €",No disponible,No disponible,"(29,35 €/KILO)"
Queso añejo de oveja al romero Vega sotuelamos 170 g,https://www.dia.es/charcuteria-y-quesos/queso-curado-semicurado-y-tierno/p/282773,https://www.dia.es/product_images/282773/282773_ISO_0_ES.jpg?imwidth=392,"3,99 €",No disponible,No disponible,"(23,47 €/KILO)"
Queso semicurado de cabra El Cencerro de Dia 200 g,https://www.dia.es/charcuteria-y-quesos/queso-curado-semicurado-y-tierno/p/263770,https://www.dia.es/product_images/263770/263770_ISO_0_ES.jpg?imwidth=392,"3,32 €",Grasas 36.6g de las cuales saturadas 26.8g Hidratos de Carbono 1.6g de los cuales azúcares 0.5g Proteínas 24.1g Sal 1.8g,No disponible,"(16,60 €/KILO)"
Queso semicurado cortado El Cencerro de Dia 250 g,https://www.dia.es/charcuteria-y-quesos/queso-curado-semicurado-y-tierno/p/263674,https://www.dia.es/product_images/263674/263674_ISO_0_ES.jpg?imwidth=392,"3,37 €",Grasas 32g de las cuales saturadas 22g Hidratos de Carbono 1g de los cuales azúcares 0.5g Proteínas 22g Sal 1.8g,No disponible,"(13,48 €/KILO)"
Queso tierno cortado El Cencerro de Dia 250 g,https://www.dia.es/charcuteria-y-quesos/queso-curado-semicurado-y-tierno/p/263673,https://www.dia.es/product_images/263673/263673_ISO_0_ES.jpg?imwidth=392,"2,99 €",Grasas 31g de las cuales saturadas 19g Hidratos de Carbono 0.8g de los cuales azúcares 0.8g Proteínas 21g Sal 1.3g,No disponible,"(11,96 €/KILO)"
Queso sin lactosa rallado Dia Láctea bolsa 150 g,https://www.dia.es/charcuteria-y-quesos/queso-curado-semicurado-y-tierno/p/263634,https://www.dia.es/product_images/263634/263634_ISO_0_ES.jpg?imwidth=392,"1,66 €",Grasas 29g de las cuales saturadas 20g Hidratos de Carbono 1.7g de los cuales azúcares 0g Proteínas 23g Sal 1.8g,No disponible,"(11,07 €/KILO)"
Queso tierno de cabra El Cencerro de Dia sobre 200 g,https://www.dia.es/charcuteria-y-quesos/queso-curado-semicurado-y-tierno/p/263230,https://www.dia.es/product_images/263230/263230_ISO_0_ES.jpg?imwidth=392,"2,86 €",Grasas 33g de las cuales saturadas 23g Hidratos de Carbono 1.5g de los cuales azúcares 1g Proteínas 21g Sal 1.3g Calcio 734mg,No disponible,"(14,30 €/KILO)"
Queso semicurado de oveja El Cencerro de Dia sobre 200 g,https://www.dia.es/charcuteria-y-quesos/queso-curado-semicurado-y-tierno/p/263229,https://www.dia.es/product_images/263229/263229_ISO_0_ES.jpg?imwidth=392,"2,78 €",Grasas 35g de las cuales saturadas 21g Hidratos de Carbono 1g de los cuales azúcares 0g Proteínas 25g Sal 1.8g Calcio 840mg,No disponible,"(13,90 €/KILO)"
Queso tierno reducido en sal El Cencerro de Dia sobre 160 g,https://www.dia.es/charcuteria-y-quesos/queso-curado-semicurado-y-tierno/p/263227,https://www.dia.es/product_images/263227/263227_ISO_0_ES.jpg?imwidth=392,"1,99 €",Grasas 31g de las cuales saturadas 22g Hidratos de Carbono 1.5g de los cuales azúcares 0.5g Proteínas 22g Sal 1g Calcio 674mg,No disponible,"(12,44 €/KILO)"
Queso semicurado El Cencerro de Dia 930 g,https://www.dia.es/charcuteria-y-quesos/queso-curado-semicurado-y-tierno/p/255482,https://www.dia.es/product_images/255482/255482_ISO_0_ES.jpg?imwidth=392,"9,11 €",Grasas 34g de las cuales saturadas 24g Hidratos de Carbono 0.5g de los cuales azúcares 0.5g Proteínas 23g Sal 1.6g Calcio 590mg,No disponible,"(9,80 €/KILO)"
Queso curado mezcla El Cencerro de Dia 860 g,https://www.dia.es/charcuteria-y-quesos/queso-curado-semicurado-y-tierno/p/255481,https://www.dia.es/product_images/255481/255481_ISO_0_ES.jpg?imwidth=392,"9,64 €",Grasas 36g de las cuales saturadas 25g Hidratos de Carbono 0.5g de los cuales azúcares 0.5g Proteínas 24g Sal 1.8g,No disponible,"(11,21 €/KILO)"
Queso curado la cava barus García Baquero 250 g,https://www.dia.es/charcuteria-y-quesos/queso-curado-semicurado-y-tierno/p/247155,https://www.dia.es/product_images/247155/247155_ISO_0_ES.jpg?imwidth=392,"4,89 €",No disponible,No disponible,"(19,56 €/KILO)"
Queso curado de oveja en aceite El Cencerro de Dia 250 g,https://www.dia.es/charcuteria-y-quesos/queso-curado-semicurado-y-tierno/p/222784,https://www.dia.es/product_images/222784/222784_ISO_0_ES.jpg?imwidth=392,"3,99 €",Grasas 38g de las cuales saturadas 26g Hidratos de Carbono 0.5g de los cuales azúcares 0.5g Proteínas 24g Sal 1.6g,No disponible,"(15,96 €/KILO)"
Queso parmigiano reggiano D.O.P. en escamas Selección Mundial de Dia tarrina 80 g,https://www.dia.es/charcuteria-y-quesos/queso-curado-semicurado-y-tierno/p/207456,https://www.dia.es/product_images/207456/207456_ISO_0_ES.jpg?imwidth=392,"1,99 €",Grasas 30g de las cuales saturadas 20g Hidratos de Carbono 0g de los cuales azúcares 0g Proteínas 32g Sal 1.6g,No disponible,"(24,88 €/KILO)"
Queso emmental rallado Dia Láctea bolsa 200 g,https://www.dia.es/charcuteria-y-quesos/queso-curado-semicurado-y-tierno/p/16296,https://www.dia.es/product_images/16296/16296_ISO_0_ES.jpg?imwidth=392,"1,61 €",Grasas 28.2g de las cuales saturadas 19.4g Hidratos de Carbono 1.7g de los cuales azúcares 0g Proteínas 26.7g Sal 1.2g,No disponible,"(8,05 €/KILO)"
Queso tierno light El Cencerro de Dia sobre 200 g,https://www.dia.es/charcuteria-y-quesos/queso-curado-semicurado-y-tierno/p/14272,https://www.dia.es/product_images/14272/14272_ISO_0_ES.jpg?imwidth=392,"2,30 €",Grasas 21g de las cuales saturadas 12g Hidratos de Carbono 1.4g de los cuales azúcares 1.1g Proteínas 25g Sal 1.4g Calcio 916mg,No disponible,"(11,50 €/KILO)"
Queso rallado en polvo El caserío bolsa 80 g,https://www.dia.es/charcuteria-y-quesos/queso-curado-semicurado-y-tierno/p/106432,https://www.dia.es/product_images/106432/106432_ISO_0_ES.jpg?imwidth=392,"1,43 €",Grasas 18g de las cuales saturadas 12g Hidratos de Carbono 4.2g de los cuales azúcares 2.4g Fibra alimentaria 3.7g Proteínas 22g Sal 6.2g Calcio 466mg,No disponible,"(17,88 €/KILO)"
Queso fresco natural Dia Láctea tarrina 4 x 62.5 g,https://www.dia.es/charcuteria-y-quesos/queso-fresco/p/115669,https://www.dia.es/product_images/115669/115669_ISO_0_ES.jpg?imwidth=392,"1,06 €",Grasas 12g de las cuales saturadas 8g Hidratos de Carbono 3.6g de los cuales azúcares 3.6g Proteínas 11g Sal 0.8g Calcio 340mg Fósforo 227mg,No disponible,"(4,24 €/KILO)"
Queso mozzarella fresca Selección Mundial de Dia bolsa 125 g,https://www.dia.es/charcuteria-y-quesos/queso-fresco/p/108698,https://www.dia.es/product_images/108698/108698_ISO_0_ES.jpg?imwidth=392,"0,99 €",Grasas 23g de las cuales saturadas 16g Hidratos de Carbono 0.6g de los cuales azúcares 0.2g Proteínas 18g Sal 0.42g,No disponible,"(7,92 €/KILO)"
Queso fresco natural Dia Láctea tarrina 250 g,https://www.dia.es/charcuteria-y-quesos/queso-fresco/p/303551,https://www.dia.es/product_images/303551/303551_ISO_0_ES.jpg?imwidth=392,"0,99 €",Grasas 12g de las cuales saturadas 8g Hidratos de Carbono 3.6g de los cuales azúcares 3.6g Proteínas 11g Sal 0.8g Calcio 340mg Fósforo 227mg,No disponible,"(3,96 €/KILO)"
Queso fresco de vaca El Cencerro de Dia tarrina 250 g,https://www.dia.es/charcuteria-y-quesos/queso-fresco/p/115196,https://www.dia.es/product_images/115196/115196_ISO_0_ES.jpg?imwidth=392,"1,63 €",Grasas 14g de las cuales saturadas 9.9g Hidratos de Carbono 2.3g de los cuales azúcares 1g Proteínas 13.3g Sal 0.81g Calcio 340mg Fósforo 227mg,No disponible,"(6,52 €/KILO)"
Queso fresco 0% m.g Dia Láctea tarrina 4 x 62.5 g,https://www.dia.es/charcuteria-y-quesos/queso-fresco/p/73062,https://www.dia.es/product_images/73062/73062_ISO_0_ES.jpg?imwidth=392,"1,06 €",Grasas 0.3g de las cuales saturadas 0.2g Hidratos de Carbono 3.9g de los cuales azúcares 3.9g Proteínas 10.4g Sal 0.8g Calcio 330mg Fósforo 230mg,No disponible,"(4,24 €/KILO)"
Queso burrata Selección Mundial de Dia tarrina 150 g,https://www.dia.es/charcuteria-y-quesos/queso-fresco/p/263576,https://www.dia.es/product_images/263576/263576_ISO_0_ES.jpg?imwidth=392,"2,55 €",Grasas 24g de las cuales saturadas 15g Hidratos de Carbono 2g de los cuales azúcares 2g Proteínas 9g Sal 0.54g,No disponible,"(17,00 €/KILO)"
Queso fresco de cabra El Cencerro de Dia tarrina 250 g,https://www.dia.es/charcuteria-y-quesos/queso-fresco/p/265592,https://www.dia.es/product_images/265592/265592_ISO_0_ES.jpg?imwidth=392,"2,65 €",Grasas 21g de las cuales saturadas 15.7g Hidratos de Carbono 1.6g de los cuales azúcares 1.4g Proteínas 13.5g Sal 0.8g,No disponible,"(10,60 €/KILO)"
Queso feta D.O.P. Selección Mundial de Dia bolsa 150 g,https://www.dia.es/charcuteria-y-quesos/queso-fresco/p/293265,https://www.dia.es/product_images/293265/293265_ISO_0_ES.jpg?imwidth=392,"2,40 €",Grasas 25g de las cuales saturadas 18g Hidratos de Carbono 0.2g de los cuales azúcares 0.2g Proteínas 16g Sal 2g,No disponible,"(16,00 €/KILO)"
Queso ricotta Selección Mundial de Dia tarrina 250 g,https://www.dia.es/charcuteria-y-quesos/queso-fresco/p/302349,https://www.dia.es/product_images/302349/302349_ISO_0_ES.jpg?imwidth=392,"1,89 €",Grasas 11g de las cuales saturadas 7.7g Hidratos de Carbono 2.5g de los cuales azúcares 2.5g Proteínas 8.5g Sal 0.5g,No disponible,"(7,56 €/KILO)"
Queso fresco sin lactosa Dia Láctea tarrina 4 x 62.5 g,https://www.dia.es/charcuteria-y-quesos/queso-fresco/p/223231,https://www.dia.es/product_images/223231/223231_ISO_0_ES.jpg?imwidth=392,"1,71 €",Grasas 14g de las cuales saturadas 9.5g Hidratos de Carbono 3.6g de los cuales azúcares 3.6g Proteínas 10g Sal 0.9g Calcio 310mg Fósforo 205mg,No disponible,"(6,84 €/KILO)"
Queso fresco artesano Vega e Hijos tarrina 250 g,https://www.dia.es/charcuteria-y-quesos/queso-fresco/p/28823,https://www.dia.es/product_images/28823/28823_ISO_0_ES.jpg?imwidth=392,"2,84 €",Grasas 19g de las cuales saturadas 13g Hidratos de Carbono 2.65g de los cuales azúcares 2.65g Proteínas 15g Sal 0.8g Calcio 500mg Fósforo 360mg,No disponible,"(11,36 €/KILO)"
Queso mozzarella di bufala campana D.O.P. Selección Mundial de Dia tarrina 125 g,https://www.dia.es/charcuteria-y-quesos/queso-fresco/p/263621,https://www.dia.es/product_images/263621/263621_ISO_0_ES.jpg?imwidth=392,"1,76 €",Grasas 24g de las cuales saturadas 13g Hidratos de Carbono 0.5g de los cuales azúcares 0.5g Proteínas 13g Sal 0.63g,No disponible,"(14,08 €/KILO)"
Mini queso mozzarella Dia Láctea tarrina 125 g,https://www.dia.es/charcuteria-y-quesos/queso-fresco/p/207455,https://www.dia.es/product_images/207455/207455_ISO_0_ES.jpg?imwidth=392,"1,72 €",Grasas 16g de las cuales saturadas 11g Hidratos de Carbono 0.5g de los cuales azúcares 0.5g Proteínas 18g Sal 0.5g,No disponible,"(13,76 €/KILO)"
Queso fresco natural Burgo de Arias tarrina 3 x 72 g,https://www.dia.es/charcuteria-y-quesos/queso-fresco/p/37869,https://www.dia.es/product_images/37869/37869_ISO_0_ES.jpg?imwidth=392,"3,05 €",Grasas 12g de las cuales saturadas 8.4g Hidratos de Carbono 3g de los cuales azúcares 3g Proteínas 11g Sal 0.89g Calcio 340mg Fósforo 240mg,No disponible,"(14,12 €/KILO)"
Tofu bio Apologize bandeja 300 g,https://www.dia.es/charcuteria-y-quesos/queso-fresco/p/295344,https://www.dia.es/product_images/295344/295344_ISO_0_ES.jpg?imwidth=392,"2,39 €",No disponible,No disponible,"(7,97 €/KILO)"
Queso fresco batido rico en proteínas Granja Rinya tarrina 400 g,https://www.dia.es/charcuteria-y-quesos/queso-fresco/p/274204,https://www.dia.es/product_images/274204/274204_ISO_0_ES.jpg?imwidth=392,"1,93 €",Grasas 0.4g de las cuales saturadas 0.3g Hidratos de Carbono 3.4g de los cuales azúcares 3.4g Proteínas 7.1g Sal 0.1g,No disponible,"(4,83 €/KILO)"
Queso fresco protein plus Burgo de Arias tarrina 3 x 70 g,https://www.dia.es/charcuteria-y-quesos/queso-fresco/p/292414,https://www.dia.es/product_images/292414/292414_ISO_0_ES.jpg?imwidth=392,"1,99 €",Grasas 2.8g de las cuales saturadas 1.9g Hidratos de Carbono 4g de los cuales azúcares 3.3g Proteínas 14g Sal 1.1g Calcio 400mg Fósforo 230mg,No disponible,"(9,48 €/KILO)"
Queso protein cottage Arla foods tarrina 200 g,https://www.dia.es/charcuteria-y-quesos/queso-fresco/p/288046,https://www.dia.es/product_images/288046/288046_ISO_0_ES.jpg?imwidth=392,"2,20 €",Grasas 1.5g de las cuales saturadas 1g Hidratos de Carbono 2.1g de los cuales azúcares 2.1g Proteínas 15g Sal 0.8g,No disponible,"(11,00 €/KILO)"
Queso fresco bajo en sal Dia Láctea tarrina 4 x 62.5 g,https://www.dia.es/charcuteria-y-quesos/queso-fresco/p/255335,https://www.dia.es/product_images/255335/255335_ISO_0_ES.jpg?imwidth=392,"1,42 €",Grasas 14g de las cuales saturadas 9.5g Hidratos de Carbono 3.6g de los cuales azúcares 3.6g Proteínas 11g Sal 0.1g Calcio 340mg Fósforo 227mg,No disponible,"(5,68 €/KILO)"
Queso fresco 0% m.g Burgo de Arias tarrina 3 x 72 g,https://www.dia.es/charcuteria-y-quesos/queso-fresco/p/57737,https://www.dia.es/product_images/57737/57737_ISO_0_ES.jpg?imwidth=392,"3,05 €",Grasas 0g de las cuales saturadas 0g Hidratos de Carbono 3.6g de los cuales azúcares 3.6g Proteínas 11g Sal 0.89g Calcio 325mg Fósforo 230mg,No disponible,"(14,12 €/KILO)"
Queso mascarpone Selección Mundial de Dia tarrina 250 g,https://www.dia.es/charcuteria-y-quesos/queso-fresco/p/48095,https://www.dia.es/product_images/48095/48095_ISO_0_ES.jpg?imwidth=392,"2,50 €",Grasas 42g de las cuales saturadas 30g Hidratos de Carbono 4.6g de los cuales azúcares 4.6g Proteínas 3.6g Sal 0.11g,No disponible,"(10,00 €/KILO)"
Queso blanco en dados Arla foods tarrina 200 g,https://www.dia.es/charcuteria-y-quesos/queso-fresco/p/112192,https://www.dia.es/product_images/112192/112192_ISO_0_ES.jpg?imwidth=392,"3,72 €",Grasas 22g de las cuales saturadas 14g Hidratos de Carbono 0.5g de los cuales azúcares 0.5g Proteínas 15g Sal 3g,No disponible,"(18,60 €/KILO)"
Queso roquefort Selección Mundial de Dia bandeja 100 g,https://www.dia.es/charcuteria-y-quesos/queso-azul-y-roquefort/p/222761,https://www.dia.es/product_images/222761/222761_ISO_0_ES.jpg?imwidth=392,"1,79 €",Grasas 31g de las cuales saturadas 22g Hidratos de Carbono 1g de los cuales azúcares 0.5g Proteínas 19g Sal 3.2g,No disponible,"(17,90 €/KILO)"
Queso azul El Cencerro de Dia bandeja 150 g,https://www.dia.es/charcuteria-y-quesos/queso-azul-y-roquefort/p/44948,https://www.dia.es/product_images/44948/44948_ISO_0_ES.jpg?imwidth=392,"1,87 €",Grasas 28.1g de las cuales saturadas 18.1g Hidratos de Carbono 0.1g de los cuales azúcares 0.1g Proteínas 19.4g Sal 3.5g,No disponible,"(12,47 €/KILO)"
Queso gorgonzola D.O.P. Selección Mundial de Dia bandeja 200 g,https://www.dia.es/charcuteria-y-quesos/queso-azul-y-roquefort/p/207458,https://www.dia.es/product_images/207458/207458_ISO_0_ES.jpg?imwidth=392,"2,42 €",Grasas 27g de las cuales saturadas 19.4g Hidratos de Carbono 0.9g de los cuales azúcares 0.1g Proteínas 19.4g Sal 1.81g,No disponible,"(12,10 €/KILO)"
Queso brie azul Petit blue 150 g,https://www.dia.es/charcuteria-y-quesos/queso-azul-y-roquefort/p/302540,https://www.dia.es/product_images/302540/302540_ISO_0_ES.jpg?imwidth=392,"2,03 €",Grasas 43g de las cuales saturadas 29g Hidratos de Carbono 0.1g de los cuales azúcares 0.1g Fibra alimentaria 0g Proteínas 13.7g Sal 1.6g,No disponible,"(13,53 €/KILO)"
Queso fundido sándwich Dia Láctea bolsa 300 g,https://www.dia.es/charcuteria-y-quesos/quesos-fundidos-y-cremas/p/664,https://www.dia.es/product_images/664/664_ISO_0_ES.jpg?imwidth=392,"1,62 €",Grasas 12.7g de las cuales saturadas 8.3g Hidratos de Carbono 8.1g de los cuales azúcares 5.6g Proteínas 13g Sal 3.35g Calcio 408mg,No disponible,"(5,40 €/KILO)"
Queso de untar natural Dia Láctea tarrina 250 g,https://www.dia.es/charcuteria-y-quesos/quesos-fundidos-y-cremas/p/263518,https://www.dia.es/product_images/263518/263518_ISO_0_ES.jpg?imwidth=392,"1,10 €",Grasas 25g de las cuales saturadas 16g Hidratos de Carbono 3g de los cuales azúcares 3g Proteínas 4.5g Sal 1g,No disponible,"(4,40 €/KILO)"
Queso de untar natural light Dia Láctea tarrina 250 g,https://www.dia.es/charcuteria-y-quesos/quesos-fundidos-y-cremas/p/263519,https://www.dia.es/product_images/263519/263519_ISO_0_ES.jpg?imwidth=392,"1,10 €",Grasas 16g de las cuales saturadas 10g Hidratos de Carbono 3.3g de los cuales azúcares 3.3g Proteínas 7.8g Sal 0.8g,No disponible,"(4,40 €/KILO)"
Crema con queso de cabra Dia Láctea tarrina 125 g,https://www.dia.es/charcuteria-y-quesos/quesos-fundidos-y-cremas/p/296054,https://www.dia.es/product_images/296054/296054_ISO_0_ES.jpg?imwidth=392,"1,35 €",Grasas 25g de las cuales saturadas 15.8g Hidratos de Carbono 1.3g de los cuales azúcares 1.3g Proteínas 12.2g Sal 2g,No disponible,"(10,80 €/KILO)"
Queso fundido en porciones Dia Láctea caja 375 g,https://www.dia.es/charcuteria-y-quesos/quesos-fundidos-y-cremas/p/264064,https://www.dia.es/product_images/264064/264064_ISO_0_ES.jpg?imwidth=392,"2,03 €",Grasas 19.5g de las cuales saturadas 14g Hidratos de Carbono 7g de los cuales azúcares 7g Proteínas 9g Sal 1.8g Calcio 275mg,No disponible,"(5,41 €/KILO)"
Crema con queso camembert Dia Láctea tarrina 125 g,https://www.dia.es/charcuteria-y-quesos/quesos-fundidos-y-cremas/p/120200,https://www.dia.es/product_images/120200/120200_ISO_0_ES.jpg?imwidth=392,"1,35 €",Grasas 25g de las cuales saturadas 15.8g Hidratos de Carbono 0.5g de los cuales azúcares 0.5g Proteínas 12g Sal 2g,No disponible,"(10,80 €/KILO)"
Queso de untar original Philadelphia tarrina 250 g,https://www.dia.es/charcuteria-y-quesos/quesos-fundidos-y-cremas/p/45247,https://www.dia.es/product_images/45247/45247_ISO_0_ES.jpg?imwidth=392,"2,73 €",Grasas 25g de las cuales saturadas 16g Hidratos de Carbono 2.9g de los cuales azúcares 2.8g Fibra alimentaria 0.2g Proteínas 3.7g Sal 1.1g,No disponible,"(10,92 €/KILO)"
Queso fundido burger con cheddar Dia Láctea bolsa 300 g,https://www.dia.es/charcuteria-y-quesos/quesos-fundidos-y-cremas/p/274196,https://www.dia.es/product_images/274196/274196_ISO_0_ES.jpg?imwidth=392,"1,79 €",Grasas 12.5g de las cuales saturadas 8.2g Hidratos de Carbono 7.8g de los cuales azúcares 5.5g Proteínas 12.6g Sal 3.48g Calcio 424mg,No disponible,"(5,97 €/KILO)"
Mini queso tierno snack Babybel malla 120 g,https://www.dia.es/charcuteria-y-quesos/quesos-fundidos-y-cremas/p/60325,https://www.dia.es/product_images/60325/60325_ISO_0_ES.jpg?imwidth=392,"2,79 €",Grasas 24g de las cuales saturadas 16g Hidratos de Carbono 0.5g de los cuales azúcares 0.5g Proteínas 23g Sal 1.8g Calcio 700mg,No disponible,"(23,25 €/KILO)"
Queso fundido light en porciones Dia Láctea caja 250 g,https://www.dia.es/charcuteria-y-quesos/quesos-fundidos-y-cremas/p/116857,https://www.dia.es/product_images/116857/116857_ISO_0_ES.jpg?imwidth=392,"1,52 €",Grasas 10.7g de las cuales saturadas 7.1g Hidratos de Carbono 3.6g de los cuales azúcares 3.6g Proteínas 11.2g Sal 2.5g Calcio 377mg,No disponible,"(6,08 €/KILO)"
Crema con queso semicurado Dia Láctea tarrina 125 g,https://www.dia.es/charcuteria-y-quesos/quesos-fundidos-y-cremas/p/296013,https://www.dia.es/product_images/296013/296013_ISO_0_ES.jpg?imwidth=392,"1,35 €",Grasas 25g de las cuales saturadas 17g Hidratos de Carbono 2g de los cuales azúcares 0.5g Proteínas 12g Sal 2g,No disponible,"(10,80 €/KILO)"
Queso fundido light Dia Láctea bolsa 300 g,https://www.dia.es/charcuteria-y-quesos/quesos-fundidos-y-cremas/p/207454,https://www.dia.es/product_images/207454/207454_ISO_0_ES.jpg?imwidth=392,"1,84 €",Grasas 8.6g de las cuales saturadas 5.7g Hidratos de Carbono 5.2g de los cuales azúcares 5.2g Proteínas 18.4g Sal 3.25g Calcio 475mg,No disponible,"(6,13 €/KILO)"
Queso de untar original Philadelphia tarrina 350 g,https://www.dia.es/charcuteria-y-quesos/quesos-fundidos-y-cremas/p/189086,https://www.dia.es/product_images/189086/189086_ISO_0_ES.jpg?imwidth=392,"3,62 €",Grasas 25g de las cuales saturadas 16g Hidratos de Carbono 2.9g de los cuales azúcares 2.8g Fibra alimentaria 0.2g Proteínas 3.7g Sal 1.1g,No disponible,"(10,34 €/KILO)"
Preparado de queso quark con frambuesa alto en proteínas Dia Láctea tarrina 200 g,https://www.dia.es/charcuteria-y-quesos/quesos-fundidos-y-cremas/p/297314,https://www.dia.es/product_images/297314/297314_ISO_0_ES.jpg?imwidth=392,"1,00 €",Grasas 0.4g de las cuales saturadas 0.3g Hidratos de Carbono 3.4g de los cuales azúcares 3g Proteínas 12.6g Sal 0.13g,No disponible,"(5,00 €/KILO)"
Queso fundido original en porciones La Vaca que ríe caja 250 g,https://www.dia.es/charcuteria-y-quesos/quesos-fundidos-y-cremas/p/127523,https://www.dia.es/product_images/127523/127523_ISO_0_ES.jpg?imwidth=392,"2,84 €",Grasas 12.5g de las cuales saturadas 8.5g Hidratos de Carbono 5.5g de los cuales azúcares 5.5g Proteínas 11g Sal 1.9g Calcio 500mg,No disponible,"(11,36 €/KILO)"
Queso de untar light Philadelphia tarrina 250 g,https://www.dia.es/charcuteria-y-quesos/quesos-fundidos-y-cremas/p/46047,https://www.dia.es/product_images/46047/46047_ISO_0_ES.jpg?imwidth=392,"2,73 €",Grasas 12g de las cuales saturadas 8.1g Hidratos de Carbono 4.4g de los cuales azúcares 4g Fibra alimentaria 0.3g Proteínas 5.9g Sal 1.1g,No disponible,"(10,92 €/KILO)"
Queso fundido El caserío bolsa 262 g,https://www.dia.es/charcuteria-y-quesos/quesos-fundidos-y-cremas/p/177870,https://www.dia.es/product_images/177870/177870_ISO_0_ES.jpg?imwidth=392,"2,60 €",Grasas 12g de las cuales saturadas 8g Hidratos de Carbono 8.9g de los cuales azúcares 6.2g Fibra alimentaria 0g Proteínas 14g Sal 2.5g Calcio 490mg,No disponible,"(9,92 €/KILO)"
Queso fundido con palitos de pan La Vaca que ríe caja 140 g,https://www.dia.es/charcuteria-y-quesos/quesos-fundidos-y-cremas/p/88287,https://www.dia.es/product_images/88287/88287_ISO_0_ES.jpg?imwidth=392,"2,44 €",Grasas 16g de las cuales saturadas 9.5g Hidratos de Carbono 25.5g de los cuales azúcares 5.5g Proteínas 10g Sal 1.6g Calcio 570mg,No disponible,"(17,43 €/KILO)"
Queso fundido light en porciones La Vaca que ríe caja 250 g,https://www.dia.es/charcuteria-y-quesos/quesos-fundidos-y-cremas/p/1776,https://www.dia.es/product_images/1776/1776_ISO_0_ES.jpg?imwidth=392,"2,84 €",Grasas 8.5g de las cuales saturadas 6g Hidratos de Carbono 6g de los cuales azúcares 6g Proteínas 11g Calcio 370mg,No disponible,"(11,36 €/KILO)"
Queso de untar con finas hierbas Philadelphia tarrina 150 g,https://www.dia.es/charcuteria-y-quesos/quesos-fundidos-y-cremas/p/5350,https://www.dia.es/product_images/5350/5350_ISO_0_ES.jpg?imwidth=392,"2,44 €",Grasas 10g de las cuales saturadas 6.7g Hidratos de Carbono 5.3g de los cuales azúcares 5.3g Fibra alimentaria 0.4g Proteínas 7.2g Sal 0.91g,No disponible,"(16,27 €/KILO)"
Queso de cabra para untar natural Soignon 150 g,https://www.dia.es/charcuteria-y-quesos/quesos-fundidos-y-cremas/p/303393,https://www.dia.es/product_images/303393/303393_ISO_0_ES.jpg?imwidth=392,"1,69 €",Grasas 17g de las cuales saturadas 12g Hidratos de Carbono 1g de los cuales azúcares 1g Proteínas 10g Sal 1.2g,No disponible,"(11,27 €/KILO)"
Mousse de queso con nueces President Bon délice tarrina 125 g,https://www.dia.es/charcuteria-y-quesos/quesos-fundidos-y-cremas/p/299697,https://www.dia.es/product_images/299697/299697_ISO_0_ES.jpg?imwidth=392,"2,03 €",Grasas 30g de las cuales saturadas 19g Hidratos de Carbono 4g de los cuales azúcares 2g Proteínas 6.5g Sal 0.9g,No disponible,"(16,24 €/KILO)"
Preparado de queso quark con melocotón y maracuyá alto en proteínas Dia Láctea tarrina 200 g,https://www.dia.es/charcuteria-y-quesos/quesos-fundidos-y-cremas/p/297313,https://www.dia.es/product_images/297313/297313_ISO_0_ES.jpg?imwidth=392,"1,00 €",Grasas 0.4g de las cuales saturadas 0.3g Hidratos de Carbono 3.5g de los cuales azúcares 3g Proteínas 12.4g Sal 0.13g,No disponible,"(5,00 €/KILO)"
Preparado de queso quark con fresa alto en proteínas Dia Láctea tarrina 200 g,https://www.dia.es/charcuteria-y-quesos/quesos-fundidos-y-cremas/p/297312,https://www.dia.es/product_images/297312/297312_ISO_0_ES.jpg?imwidth=392,"1,00 €",Grasas 0.4g de las cuales saturadas 0.3g Hidratos de Carbono 3.3g de los cuales azúcares 2.8g Proteínas 12.4g Sal 0.13g,No disponible,"(5,00 €/KILO)"
Crema de untar vegetal Philadelphia tarrina 145 g,https://www.dia.es/charcuteria-y-quesos/quesos-fundidos-y-cremas/p/294318,https://www.dia.es/product_images/294318/294318_ISO_0_ES.jpg?imwidth=392,"3,05 €",Grasas 21g de las cuales saturadas 17g Hidratos de Carbono 2.2g de los cuales azúcares 1.2g Fibra alimentaria 1.5g Proteínas 3.3g Sal 0.76g,No disponible,"(21,03 €/KILO)"
Queso fundido light La Vaca que ríe bolsa 263 g,https://www.dia.es/charcuteria-y-quesos/quesos-fundidos-y-cremas/p/269551,https://www.dia.es/product_images/269551/269551_ISO_0_ES.jpg?imwidth=392,"2,44 €",Grasas 7.5g de las cuales saturadas 5g Hidratos de Carbono 5.5g de los cuales azúcares 5.5g Proteínas 18.5g Sal 3.3g Calcio 400mg,No disponible,"(9,28 €/KILO)"
Queso de untar light Philadelphia tarrina 350 g,https://www.dia.es/charcuteria-y-quesos/quesos-fundidos-y-cremas/p/211479,https://www.dia.es/product_images/211479/211479_ISO_0_ES.jpg?imwidth=392,"3,62 €",Grasas 12g de las cuales saturadas 8.1g Hidratos de Carbono 4.4g de los cuales azúcares 4g Fibra alimentaria 0.3g Proteínas 5.9g Sal 1.1g,No disponible,"(10,34 €/KILO)"
Queso fundido light en porciones El caserío caja 250 g,https://www.dia.es/charcuteria-y-quesos/quesos-fundidos-y-cremas/p/187772,https://www.dia.es/product_images/187772/187772_ISO_0_ES.jpg?imwidth=392,"2,45 €",Grasas 7.5g de las cuales saturadas 4.9g Hidratos de Carbono 5.2g de los cuales azúcares 5.2g Fibra alimentaria 3.4g Proteínas 14g Sal 2.7g Calcio 516mg,No disponible,"(9,80 €/KILO)"
Queso edam Selección Mundial de Dia sobre 240 g,https://www.dia.es/charcuteria-y-quesos/quesos-internacionales/p/263217,https://www.dia.es/product_images/263217/263217_ISO_0_ES.jpg?imwidth=392,"1,67 €",Grasas 22.9g de las cuales saturadas 15.8g Hidratos de Carbono 0g de los cuales azúcares 0g Proteínas 25.6g Sal 2g,No disponible,"(6,96 €/KILO)"
Queso gouda Selección Mundial de Dia sobre 240 g,https://www.dia.es/charcuteria-y-quesos/quesos-internacionales/p/263231,https://www.dia.es/product_images/263231/263231_ISO_0_ES.jpg?imwidth=392,"1,75 €",Grasas 27.9g de las cuales saturadas 19.3g Hidratos de Carbono 0g de los cuales azúcares 0g Proteínas 23.1g Sal 2g,No disponible,"(7,29 €/KILO)"
Queso brie Selección Mundial de Dia 200 g,https://www.dia.es/charcuteria-y-quesos/quesos-internacionales/p/11877,https://www.dia.es/product_images/11877/11877_ISO_0_ES.jpg?imwidth=392,"1,62 €",Grasas 32g de las cuales saturadas 22g Hidratos de Carbono 0.5g de los cuales azúcares 0.5g Proteínas 17g Sal 1.3g Calcio 450mg,No disponible,"(8,10 €/KILO)"
Queso emmental Selección Mundial de Dia bolsa 220 g,https://www.dia.es/charcuteria-y-quesos/quesos-internacionales/p/282301,https://www.dia.es/product_images/282301/282301_ISO_0_ES.jpg?imwidth=392,"1,83 €",Grasas 29g de las cuales saturadas 19g Hidratos de Carbono 0.5g de los cuales azúcares 0.5g Proteínas 27g Sal 0.5g,No disponible,"(8,32 €/KILO)"
Queso curado italiano Selección Mundial de Dia bandeja 200 g,https://www.dia.es/charcuteria-y-quesos/quesos-internacionales/p/263574,https://www.dia.es/product_images/263574/263574_ISO_0_ES.jpg?imwidth=392,"2,84 €",Grasas 29g de las cuales saturadas 18g Hidratos de Carbono 0.5g de los cuales azúcares 0.5g Proteínas 31g Sal 1.2g,No disponible,"(14,20 €/KILO)"
Queso cheddar Selección Mundial de Dia sobre 200 g,https://www.dia.es/charcuteria-y-quesos/quesos-internacionales/p/263221,https://www.dia.es/product_images/263221/263221_ISO_0_ES.jpg?imwidth=392,"2,03 €",Grasas 34.9g de las cuales saturadas 21.7g Hidratos de Carbono 0.1g de los cuales azúcares 0.1g Proteínas 25.4g Sal 1.8g,No disponible,"(10,15 €/KILO)"
Queso provolone con orégano Selección Mundial de Dia bolsa 150 g,https://www.dia.es/charcuteria-y-quesos/quesos-internacionales/p/182970,https://www.dia.es/product_images/182970/182970_ISO_0_ES.jpg?imwidth=392,"1,80 €",Grasas 26g de las cuales saturadas 18g Hidratos de Carbono 0g de los cuales azúcares 0g Proteínas 25g Sal 1.7g,No disponible,"(12,00 €/KILO)"
Queso havarti Selección Mundial de Dia sobre 160 g,https://www.dia.es/charcuteria-y-quesos/queso-curado-semicurado-y-tierno/p/302946,https://www.dia.es/product_images/302946/302946_ISO_0_ES.jpg?imwidth=392,"2,03 €",Grasas 33g de las cuales saturadas 21.1g Hidratos de Carbono 0.1g de los cuales azúcares 0.1g Proteínas 21g Sal 1.8g,No disponible,"(12,69 €/KILO)"
Queso parmigiano reggiano D.O.P. Selección Mundial de Dia bandeja 150 g,https://www.dia.es/charcuteria-y-quesos/quesos-internacionales/p/263575,https://www.dia.es/product_images/263575/263575_ISO_0_ES.jpg?imwidth=392,"3,66 €",Grasas 29.7g de las cuales saturadas 19.6g Hidratos de Carbono 0g de los cuales azúcares 0g Proteínas 32.4g Sal 1.63g,No disponible,"(24,40 €/KILO)"
Queso grana padano rallado Selección Mundial de Dia bolsa 100 g,https://www.dia.es/charcuteria-y-quesos/queso-curado-semicurado-y-tierno/p/182969,https://www.dia.es/product_images/182969/182969_ISO_0_ES.jpg?imwidth=392,"1,62 €",Grasas 29g de las cuales saturadas 18g Hidratos de Carbono 0g de los cuales azúcares 0g Proteínas 33g Sal 1.5g,No disponible,"(16,20 €/KILO)"
Queso cheddar extra mature Selección Mundial de Dia bolsa 200 g,https://www.dia.es/charcuteria-y-quesos/quesos-internacionales/p/265533,https://www.dia.es/product_images/265533/265533_ISO_0_ES.jpg?imwidth=392,"2,23 €",Grasas 34.9g de las cuales saturadas 21.7g Proteínas 25.4g Sal 1.8g,No disponible,"(11,15 €/KILO)"
Queso mozzarella fresca Selección Mundial de Dia bolsa 125 g,https://www.dia.es/charcuteria-y-quesos/queso-fresco/p/108698,https://www.dia.es/product_images/108698/108698_ISO_0_ES.jpg?imwidth=392,"0,99 €",Grasas 23g de las cuales saturadas 16g Hidratos de Carbono 0.6g de los cuales azúcares 0.2g Proteínas 18g Sal 0.42g,No disponible,"(7,92 €/KILO)"
Queso gouda Selección Mundial de Dia bandeja 400 g,https://www.dia.es/charcuteria-y-quesos/quesos-internacionales/p/53195,https://www.dia.es/product_images/53195/53195_ISO_0_ES.jpg?imwidth=392,"3,00 €",Grasas 30.6g de las cuales saturadas 21.1g Hidratos de Carbono 0g de los cuales azúcares 0g Proteínas 23.1g Sal 1.9g,No disponible,"(7,50 €/KILO)"
Queso burrata Selección Mundial de Dia tarrina 150 g,https://www.dia.es/charcuteria-y-quesos/queso-fresco/p/263576,https://www.dia.es/product_images/263576/263576_ISO_0_ES.jpg?imwidth=392,"2,55 €",Grasas 24g de las cuales saturadas 15g Hidratos de Carbono 2g de los cuales azúcares 2g Proteínas 9g Sal 0.54g,No disponible,"(17,00 €/KILO)"
Queso ahumado Selección Mundial de Dia sobre 120 g,https://www.dia.es/charcuteria-y-quesos/quesos-internacionales/p/302665,https://www.dia.es/product_images/302665/302665_ISO_0_ES.jpg?imwidth=392,"1,93 €",Grasas 25g de las cuales saturadas 16g Hidratos de Carbono 0g de los cuales azúcares 0g Proteínas 26g Sal 1.5g,No disponible,"(16,08 €/KILO)"
Queso camembert Selección Mundial de Dia tarrina 250 g,https://www.dia.es/charcuteria-y-quesos/quesos-internacionales/p/1253,https://www.dia.es/product_images/1253/1253_ISO_0_ES.jpg?imwidth=392,"1,97 €",Grasas 21g de las cuales saturadas 15g Hidratos de Carbono 0g de los cuales azúcares 0g Proteínas 19g Sal 1.3g,No disponible,"(7,88 €/KILO)"
Queso feta D.O.P. Selección Mundial de Dia bolsa 150 g,https://www.dia.es/charcuteria-y-quesos/queso-fresco/p/293265,https://www.dia.es/product_images/293265/293265_ISO_0_ES.jpg?imwidth=392,"2,40 €",Grasas 25g de las cuales saturadas 18g Hidratos de Carbono 0.2g de los cuales azúcares 0.2g Proteínas 16g Sal 2g,No disponible,"(16,00 €/KILO)"
Queso havarti light Selección Mundial de Dia sobre 160 g,https://www.dia.es/charcuteria-y-quesos/queso-curado-semicurado-y-tierno/p/302947,https://www.dia.es/product_images/302947/302947_ISO_0_ES.jpg?imwidth=392,"2,03 €",Grasas 16g de las cuales saturadas 10g Hidratos de Carbono 0.1g de los cuales azúcares 0.1g Proteínas 29g Sal 1.7g,No disponible,"(12,69 €/KILO)"
Queso mascarpone Selección Mundial de Dia tarrina 250 g,https://www.dia.es/charcuteria-y-quesos/queso-fresco/p/48095,https://www.dia.es/product_images/48095/48095_ISO_0_ES.jpg?imwidth=392,"2,50 €",Grasas 42g de las cuales saturadas 30g Hidratos de Carbono 4.6g de los cuales azúcares 4.6g Proteínas 3.6g Sal 0.11g,No disponible,"(10,00 €/KILO)"
Queso Taleggio D.O.P. Selección Mundial de Dia 200 g,https://www.dia.es/charcuteria-y-quesos/quesos-internacionales/p/303111,https://www.dia.es/product_images/303111/303111_ISO_0_ES.jpg?imwidth=392,"2,99 €",Grasas 24.9g de las cuales saturadas 16.2g Hidratos de Carbono 2.1g de los cuales azúcares 2.1g Proteínas 16.9g Sal 2.2g,No disponible,"(14,95 €/KILO)"
Queso ricotta Selección Mundial de Dia tarrina 250 g,https://www.dia.es/charcuteria-y-quesos/queso-fresco/p/302349,https://www.dia.es/product_images/302349/302349_ISO_0_ES.jpg?imwidth=392,"1,89 €",Grasas 11g de las cuales saturadas 7.7g Hidratos de Carbono 2.5g de los cuales azúcares 2.5g Proteínas 8.5g Sal 0.5g,No disponible,"(7,56 €/KILO)"
Queso gouda light Selección Mundial de Dia sobre 200 g,https://www.dia.es/charcuteria-y-quesos/quesos-internacionales/p/290296,https://www.dia.es/product_images/290296/290296_ISO_0_ES.jpg?imwidth=392,"2,03 €",Grasas 16.6g de las cuales saturadas 11.5g Hidratos de Carbono 0g de los cuales azúcares 0g Proteínas 28.1g Sal 1.8g,No disponible,"(10,15 €/KILO)"
Queso gouda viejo Selección Mundial de Dia bolsa 200 g,https://www.dia.es/charcuteria-y-quesos/quesos-internacionales/p/265535,https://www.dia.es/product_images/265535/265535_ISO_0_ES.jpg?imwidth=392,"2,54 €",Grasas 32.9g de las cuales saturadas 22.7g Hidratos de Carbono 0g de los cuales azúcares 0g Proteínas 25.2g Sal 2g Calcio 450mg,No disponible,"(12,70 €/KILO)"
Queso mozzarella di bufala campana D.O.P. Selección Mundial de Dia tarrina 125 g,https://www.dia.es/charcuteria-y-quesos/queso-fresco/p/263621,https://www.dia.es/product_images/263621/263621_ISO_0_ES.jpg?imwidth=392,"1,76 €",Grasas 24g de las cuales saturadas 13g Hidratos de Carbono 0.5g de los cuales azúcares 0.5g Proteínas 13g Sal 0.63g,No disponible,"(14,08 €/KILO)"
Queso gouda sin lactosa Selección Mundial de Dia sobre 200 g,https://www.dia.es/charcuteria-y-quesos/quesos-internacionales/p/263215,https://www.dia.es/product_images/263215/263215_ISO_0_ES.jpg?imwidth=392,"1,99 €",Grasas 29g de las cuales saturadas 20g Hidratos de Carbono 0.5g de los cuales azúcares 0g Proteínas 23g Sal 1.6g,No disponible,"(9,95 €/KILO)"
Queso parmigiano reggiano D.O.P. en escamas Selección Mundial de Dia tarrina 80 g,https://www.dia.es/charcuteria-y-quesos/queso-curado-semicurado-y-tierno/p/207456,https://www.dia.es/product_images/207456/207456_ISO_0_ES.jpg?imwidth=392,"1,99 €",Grasas 30g de las cuales saturadas 20g Hidratos de Carbono 0g de los cuales azúcares 0g Proteínas 32g Sal 1.6g,No disponible,"(24,88 €/KILO)"
Salchichas cocidas frankfurt Funky Frank de Dia bolsa 4 x 160 g,https://www.dia.es/charcuteria-y-quesos/salchichas/p/273442,https://www.dia.es/product_images/273442/273442_ISO_0_ES.jpg?imwidth=392,"1,75 €",Grasas 15g de las cuales saturadas 5g Hidratos de Carbono 2.8g de los cuales azúcares 1.3g Proteínas 13g Sal 2g,No disponible,"(2,73 €/KILO)"
Salchichas cocidas frankfurt con queso Funky Frank de Dia bolsa 4 x 140 g,https://www.dia.es/charcuteria-y-quesos/salchichas/p/273443,https://www.dia.es/product_images/273443/273443_ISO_0_ES.jpg?imwidth=392,"1,68 €",Grasas 15g de las cuales saturadas 5g Hidratos de Carbono 2.8g de los cuales azúcares 1.3g Proteínas 13g Sal 2g,No disponible,"(3,00 €/KILO)"
Salchichas frankfurt Elpozo bolsa 2 x 140 g,https://www.dia.es/charcuteria-y-quesos/salchichas/p/150018,https://www.dia.es/product_images/150018/150018_ISO_0_ES.jpg?imwidth=392,"1,00 €",Grasas 18.5g de las cuales saturadas 6.5g Hidratos de Carbono 4.5g de los cuales azúcares 0.5g Proteínas 12g Sal 2.1g,No disponible,"(3,57 €/KILO)"
Salchichas cocidas frankfurt Campofrío bolsa 4 x 140 g,https://www.dia.es/charcuteria-y-quesos/salchichas/p/125955,https://www.dia.es/product_images/125955/125955_ISO_0_ES.jpg?imwidth=392,"2,25 €",Grasas 15g de las cuales saturadas 5g Hidratos de Carbono 2.8g de los cuales azúcares 1.3g Fibra alimentaria 0g Proteínas 13g Sal 2g,No disponible,"(4,02 €/KILO)"
Salchichas cocidas Viena de pollo Funky Frank de Dia bolsa 3 x 200 g,https://www.dia.es/charcuteria-y-quesos/salchichas/p/283362,https://www.dia.es/product_images/283362/283362_ISO_0_ES.jpg?imwidth=392,"2,19 €",Grasas 18g de las cuales saturadas 4.9g Hidratos de Carbono 3.5g de los cuales azúcares 0.3g Proteínas 12g Sal 2.1g,No disponible,"(3,65 €/KILO)"
Salchichas cocidas súper Funky Frank de Dia bolsa 350 g,https://www.dia.es/charcuteria-y-quesos/salchichas/p/101581,https://www.dia.es/product_images/101581/101581_ISO_0_ES.jpg?imwidth=392,"1,99 €",Grasas 17g de las cuales saturadas 5.6g Hidratos de Carbono 4g de los cuales azúcares 0.5g Proteínas 11g Sal 2g,No disponible,"(5,69 €/KILO)"
Salchichas cocidas wieners Oscar mayer bolsa 200 g,https://www.dia.es/charcuteria-y-quesos/salchichas/p/1062,https://www.dia.es/product_images/1062/1062_ISO_0_ES.jpg?imwidth=392,"1,39 €",Grasas 20g de las cuales saturadas 6.8g Hidratos de Carbono 1.3g de los cuales azúcares 1.2g Fibra alimentaria 0g Proteínas 12g Sal 2g,3 eur dto comprando 15 eur selección campofri,No disponible
Salchichas cocidas Viena con queso Funky Frank de Dia bolsa 3 x 200 g,https://www.dia.es/charcuteria-y-quesos/salchichas/p/283361,https://www.dia.es/product_images/283361/283361_ISO_0_ES.jpg?imwidth=392,"2,09 €",Grasas 19.5g de las cuales saturadas 6.8g Hidratos de Carbono 5g de los cuales azúcares 0.5g Proteínas 12g Sal 2.1g,No disponible,"(3,48 €/KILO)"
Salchichas cocidas wieners con queso Oscar mayer bolsa 200 g,https://www.dia.es/charcuteria-y-quesos/salchichas/p/195181,https://www.dia.es/product_images/195181/195181_ISO_0_ES.jpg?imwidth=392,"1,39 €",Grasas 19g de las cuales saturadas 6.1g Hidratos de Carbono 1.5g de los cuales azúcares 1.2g Fibra alimentaria 0g Proteínas 14g Sal 2g,3 eur dto comprando 15 eur selección campofri,No disponible
Salchichas frankfurt con queso Elpozo bolsa 2 x 140 g,https://www.dia.es/charcuteria-y-quesos/salchichas/p/302366,https://www.dia.es/product_images/302366/302366_ISO_0_ES.jpg?imwidth=392,"1,00 €",Grasas 17.5g de las cuales saturadas 6.1g Hidratos de Carbono 4.5g de los cuales azúcares 0.5g Proteínas 12g Sal 2.3g,No disponible,"(3,57 €/KILO)"
Salchichas bockwurst Selección Mundial de Dia bolsa 270 g,https://www.dia.es/charcuteria-y-quesos/salchichas/p/294954,https://www.dia.es/product_images/294954/294954_ISO_0_ES.jpg?imwidth=392,"2,99 €",Grasas 22.5g de las cuales saturadas 9g Hidratos de Carbono 0.5g de los cuales azúcares 0.5g Proteínas 14.5g Sal 2.3g,No disponible,"(11,07 €/KILO)"
Salchichas cocidas jumbo classic Oscar mayer bolsa 350 g,https://www.dia.es/charcuteria-y-quesos/salchichas/p/1306,https://www.dia.es/product_images/1306/1306_ISO_0_ES.jpg?imwidth=392,"2,45 €",Grasas 20g de las cuales saturadas 6.8g Hidratos de Carbono 1.3g de los cuales azúcares 1.2g Fibra alimentaria 0g Proteínas 12g Sal 2g,3 eur dto comprando 15 eur selección campofri,No disponible
Salchiloncha estilo frankfurt Campofrío sobre 120 g,https://www.dia.es/charcuteria-y-quesos/salchichas/p/303731,https://www.dia.es/product_images/303731/303731_ISO_0_ES.jpg?imwidth=392,"1,00 €",Grasas 17g de las cuales saturadas 5.5g Hidratos de Carbono 4.5g de los cuales azúcares 1.8g Fibra alimentaria 0g Proteínas 10.5g Sal 1.9g,3 eur dto comprando 15 eur selección campofri,No disponible
Salchichas cocidas jumbo con queso Oscar mayer bolsa 350 g,https://www.dia.es/charcuteria-y-quesos/salchichas/p/67436,https://www.dia.es/product_images/67436/67436_ISO_0_ES.jpg?imwidth=392,"2,45 €",Grasas 19g de las cuales saturadas 6.1g Hidratos de Carbono 1.5g de los cuales azúcares 1.2g Fibra alimentaria 0g Proteínas 14g Sal 2g,3 eur dto comprando 15 eur selección campofri,No disponible
Salchichas big pavo Elpozo bolsa 3 x 200 g,https://www.dia.es/charcuteria-y-quesos/salchichas/p/162106,https://www.dia.es/product_images/162106/162106_ISO_0_ES.jpg?imwidth=392,"2,50 €",Grasas 16g de las cuales saturadas 5.4g Hidratos de Carbono 3g de los cuales azúcares 0.3g Proteínas 12g Sal 2.1g,No disponible,"(4,17 €/KILO)"
Salchichas bratwurst Selección Mundial de Dia bolsa 270 g,https://www.dia.es/charcuteria-y-quesos/salchichas/p/294955,https://www.dia.es/product_images/294955/294955_ISO_0_ES.jpg?imwidth=392,"2,99 €",Grasas 24.5g de las cuales saturadas 9.8g Hidratos de Carbono 1g de los cuales azúcares 1g Proteínas 14g Sal 2.2g,No disponible,"(11,07 €/KILO)"
Salchichas bockwurst Selección Mundial de Dia frasco 250 g,https://www.dia.es/charcuteria-y-quesos/salchichas/p/274069,https://www.dia.es/product_images/274069/274069_ISO_0_ES.jpg?imwidth=392,"2,69 €",Grasas 20g de las cuales saturadas 8g Hidratos de Carbono 0.7g de los cuales azúcares 0.7g Proteínas 12g Sal 2g,No disponible,"(10,76 €/KILO)"
Salchichas cocidas Viena clásicas Funky Frank de Dia bolsa 3 x 200 g,https://www.dia.es/charcuteria-y-quesos/salchichas/p/283363,https://www.dia.es/product_images/283363/283363_ISO_0_ES.jpg?imwidth=392,"2,25 €",Grasas 18.5g de las cuales saturadas 6.5g Hidratos de Carbono 4.5g de los cuales azúcares 0.5g Proteínas 12g Sal 2.1g,No disponible,"(3,75 €/KILO)"
Salchichas frankfurt de pavo Campofrío bolsa 3 x 140 g,https://www.dia.es/charcuteria-y-quesos/salchichas/p/288206,https://www.dia.es/product_images/288206/288206_ISO_0_ES.jpg?imwidth=392,"1,99 €",Grasas 15g de las cuales saturadas 5g Hidratos de Carbono 2.6g de los cuales azúcares 1.3g Fibra alimentaria 0g Proteínas 13g Sal 2g,3 eur dto comprando 15 eur selección campofri,No disponible
Salchichas cocidas hot dog Elpozo King bolsa 275 g,https://www.dia.es/charcuteria-y-quesos/salchichas/p/275707,https://www.dia.es/product_images/275707/275707_ISO_0_ES.jpg?imwidth=392,"1,75 €",Grasas 17.5g de las cuales saturadas 6.1g Hidratos de Carbono 0.5g de los cuales azúcares 0.5g Proteínas 15.2g Sal 2.1g,No disponible,"(6,36 €/KILO)"
Salchichas veganas Revolu green bolsa 170 g,https://www.dia.es/charcuteria-y-quesos/salchichas/p/297706,https://www.dia.es/product_images/297706/297706_ISO_0_ES.jpg?imwidth=392,"2,79 €",No disponible,No disponible,"(16,41 €/KILO)"
Salchichas meisterhand Schara bolsa 340 g,https://www.dia.es/charcuteria-y-quesos/salchichas/p/287852,https://www.dia.es/product_images/287852/287852_ISO_0_ES.jpg?imwidth=392,"4,25 €",Grasas 20g de las cuales saturadas 6.9g Hidratos de Carbono 0.8g de los cuales azúcares 0.8g Fibra alimentaria 0.6g Proteínas 14g Sal 1.9g,No disponible,"(12,50 €/KILO)"
Salchicha alemana cocktail Selección Mundial de Dia frasco 150 g,https://www.dia.es/charcuteria-y-quesos/salchichas/p/274070,https://www.dia.es/product_images/274070/274070_ISO_0_ES.jpg?imwidth=392,"2,49 €",Grasas 20g de las cuales saturadas 8g Hidratos de Carbono 0.7g de los cuales azúcares 0.7g Proteínas 12g Sal 2g,No disponible,"(16,60 €/KILO)"
Salchichas cocidas frankfurt pikante Schara bolsa 170 g,https://www.dia.es/charcuteria-y-quesos/salchichas/p/181898,https://www.dia.es/product_images/181898/181898_ISO_0_ES.jpg?imwidth=392,"3,05 €",Grasas 20g de las cuales saturadas 6.9g Hidratos de Carbono 0.8g de los cuales azúcares 0.8g Proteínas 14g Sal 1.9g,No disponible,"(17,94 €/KILO)"
Salchichas cocidas bockwurst Meica frasco 250 g,https://www.dia.es/charcuteria-y-quesos/salchichas/p/130057,https://www.dia.es/product_images/130057/130057_ISO_0_ES.jpg?imwidth=392,"4,99 €",Grasas 21.5g de las cuales saturadas 8.6g Hidratos de Carbono 0.5g de los cuales azúcares 0.5g Proteínas 12g Sal 1.75g,No disponible,"(19,96 €/KILO)"
Paté de atún Nuestra Alacena de Dia pack 2 x 75 g,https://www.dia.es/charcuteria-y-quesos/foie-pate-y-sobrasada/p/293539,https://www.dia.es/product_images/293539/293539_ISO_0_ES.jpg?imwidth=392,"1,60 €",Grasas 13.9g de las cuales saturadas 1.6g Hidratos de Carbono 5.7g de los cuales azúcares 1g Proteínas 8.5g Sal 1.3g,No disponible,"(10,67 €/KILO)"
Paté de salmón Nuestra Alacena de Dia frasco 110 g,https://www.dia.es/charcuteria-y-quesos/foie-pate-y-sobrasada/p/286535,https://www.dia.es/product_images/286535/286535_ISO_0_ES.jpg?imwidth=392,"1,00 €",Grasas 21.9g de las cuales saturadas 3.4g Hidratos de Carbono 2.3g de los cuales azúcares 0.5g Proteínas 9.8g Sal 1.73g,No disponible,"(9,09 €/KILO)"
Mousse de foie de pato Aoste blister 100 g,https://www.dia.es/charcuteria-y-quesos/foie-pate-y-sobrasada/p/280341,https://www.dia.es/product_images/280341/280341_ISO_0_ES.jpg?imwidth=392,"1,99 €",Grasas 40g de las cuales saturadas 13g Hidratos de Carbono 2.4g de los cuales azúcares 1.8g Fibra alimentaria 0g Proteínas 8.8g Sal 1.8g,3 eur dto comprando 15 eur selección campofri,No disponible
Paté de cerdo intenso Nuestra Alacena de Dia pack 3 x 75 g,https://www.dia.es/charcuteria-y-quesos/foie-pate-y-sobrasada/p/293538,https://www.dia.es/product_images/293538/293538_ISO_0_ES.jpg?imwidth=392,"1,75 €",Grasas 22.4g de las cuales saturadas 8.3g Hidratos de Carbono 2.2g de los cuales azúcares 0.5g Proteínas 12.2g Sal 1.7g,No disponible,"(7,78 €/KILO)"
Paté a la pimienta Nuestra Alacena de Dia frasco 125 g,https://www.dia.es/charcuteria-y-quesos/foie-pate-y-sobrasada/p/39997,https://www.dia.es/product_images/39997/39997_ISO_0_ES.jpg?imwidth=392,"1,09 €",Grasas 26.5g de las cuales saturadas 9.9g Hidratos de Carbono 1.3g de los cuales azúcares 1g Proteínas 11.3g Sal 1.72g,No disponible,"(8,72 €/KILO)"
Paté a las finas hierbas Nuestra Alacena de Dia frasco 125 g,https://www.dia.es/charcuteria-y-quesos/foie-pate-y-sobrasada/p/39998,https://www.dia.es/product_images/39998/39998_ISO_0_ES.jpg?imwidth=392,"1,09 €",Grasas 29.3g de las cuales saturadas 11.2g Hidratos de Carbono 1.2g de los cuales azúcares 1.2g Proteínas 12.3g Sal 2.03g,No disponible,"(8,72 €/KILO)"
Paté La piara Tapa Negra lata 3 x 75 g,https://www.dia.es/charcuteria-y-quesos/foie-pate-y-sobrasada/p/284,https://www.dia.es/product_images/284/284_ISO_0_ES.jpg?imwidth=392,"3,99 €",Grasas 24g de las cuales saturadas 8.7g Hidratos de Carbono 2.2g de los cuales azúcares 0.5g Proteínas 12g Sal 1.5g Hierro 4.4mg,No disponible,"(17,73 €/KILO)"
Paté de anchoa Nuestra Alacena de Dia frasco 110 g,https://www.dia.es/charcuteria-y-quesos/foie-pate-y-sobrasada/p/286536,https://www.dia.es/product_images/286536/286536_ISO_0_ES.jpg?imwidth=392,"1,00 €",Grasas 23g de las cuales saturadas 3.4g Hidratos de Carbono 6.2g de los cuales azúcares 3.6g Proteínas 8.6g Sal 2.5g,No disponible,"(9,09 €/KILO)"
Paté de hígado de cerdo suave Nuestra Alacena de Dia pack 2 x 75 g,https://www.dia.es/charcuteria-y-quesos/foie-pate-y-sobrasada/p/293540,https://www.dia.es/product_images/293540/293540_ISO_0_ES.jpg?imwidth=392,"1,29 €",Grasas 18.2g de las cuales saturadas 6.7g Hidratos de Carbono 3.7g de los cuales azúcares 0.9g Proteínas 7.5g Sal 1.8g,No disponible,"(8,60 €/KILO)"
Crema de queso azul con cebolla caramelizada Nuestra Alacena de Dia frasco 110 g,https://www.dia.es/charcuteria-y-quesos/foie-pate-y-sobrasada/p/295196,https://www.dia.es/product_images/295196/295196_ISO_0_ES.jpg?imwidth=392,"1,89 €",Grasas 7.9g de las cuales saturadas 5.6g Hidratos de Carbono 12.8g de los cuales azúcares 4.8g Proteínas 6.7g Sal 1.26g,No disponible,"(17,18 €/KILO)"
Paté de campaña Nuestra Alacena de Dia frasco 125 g,https://www.dia.es/charcuteria-y-quesos/foie-pate-y-sobrasada/p/57938,https://www.dia.es/product_images/57938/57938_ISO_0_ES.jpg?imwidth=392,"1,09 €",Grasas 33g de las cuales saturadas 12.3g Hidratos de Carbono 1g de los cuales azúcares 1g Proteínas 11g Sal 1.8g,No disponible,"(8,72 €/KILO)"
Paté de cerdo ibérico Nuestra Alacena de Dia frasco 125 g,https://www.dia.es/charcuteria-y-quesos/foie-pate-y-sobrasada/p/57937,https://www.dia.es/product_images/57937/57937_ISO_0_ES.jpg?imwidth=392,"1,09 €",Grasas 27g de las cuales saturadas 10g Hidratos de Carbono 3.9g de los cuales azúcares 1.2g Proteínas 12g Sal 1.5g,No disponible,"(8,72 €/KILO)"
Paté de mejillones en escabeche Nuestra Alacena de Dia frasco 110 g,https://www.dia.es/charcuteria-y-quesos/foie-pate-y-sobrasada/p/302297,https://www.dia.es/product_images/302297/302297_ISO_0_ES.jpg?imwidth=392,"1,49 €",Grasas 13.3g de las cuales saturadas 1.5g Hidratos de Carbono 8.6g de los cuales azúcares 0.5g Proteínas 9.5g Sal 1.4g,No disponible,"(13,55 €/KILO)"
Paté de pato superior Martiko blister 75 g,https://www.dia.es/charcuteria-y-quesos/foie-pate-y-sobrasada/p/213550,https://www.dia.es/product_images/213550/213550_ISO_0_ES.jpg?imwidth=392,"1,95 €",Grasas 27g de las cuales saturadas 16g Hidratos de Carbono 3.2g de los cuales azúcares 1.5g Proteínas 7.1g Sal 1.73g,No disponible,"(26,00 €/KILO)"
Paté de cerdo ibérico con trufa Nuestra Alacena de Dia frasco 110 g,https://www.dia.es/charcuteria-y-quesos/foie-pate-y-sobrasada/p/302923,https://www.dia.es/product_images/302923/302923_ISO_0_ES.jpg?imwidth=392,"1,89 €",Grasas 14.5g de las cuales saturadas 5g Hidratos de Carbono 9.7g de los cuales azúcares 0.7g Proteínas 9.1g Sal 1.82g,No disponible,"(17,18 €/KILO)"
Paté de hígado de cerdo Mina lata 3 x 80 g,https://www.dia.es/charcuteria-y-quesos/foie-pate-y-sobrasada/p/61982,https://www.dia.es/product_images/61982/61982_ISO_0_ES.jpg?imwidth=392,"2,19 €",Grasas 13.4g de las cuales saturadas 5g Hidratos de Carbono 7.3g de los cuales azúcares 0.7g Proteínas 6.9g Sal 1.5g,No disponible,"(9,13 €/KILO)"
Paté de jamón Nuestra Alacena de Dia frasco 110 g,https://www.dia.es/charcuteria-y-quesos/foie-pate-y-sobrasada/p/286531,https://www.dia.es/product_images/286531/286531_ISO_0_ES.jpg?imwidth=392,"1,49 €",Grasas 14g de las cuales saturadas 5.1g Hidratos de Carbono 3.4g de los cuales azúcares 0.5g Proteínas 15g Sal 2.11g,No disponible,"(13,55 €/KILO)"
Paté de cerdo a las finas hierbas 2 unidades La cuina blister 100 g,https://www.dia.es/charcuteria-y-quesos/foie-pate-y-sobrasada/p/295873,https://www.dia.es/product_images/295873/295873_ISO_0_ES.jpg?imwidth=392,"1,29 €",Grasas 29g de las cuales saturadas 9.2g Hidratos de Carbono 2.4g de los cuales azúcares 1.2g Proteínas 10g Sal 2.5g,No disponible,"(12,90 €/KILO)"
Crema de pulpo a la gallega Nuestra Alacena de Dia frasco 110 g,https://www.dia.es/charcuteria-y-quesos/foie-pate-y-sobrasada/p/302903,https://www.dia.es/product_images/302903/302903_ISO_0_ES.jpg?imwidth=392,"1,89 €",Grasas 6.1g de las cuales saturadas 0.8g Hidratos de Carbono 6.9g de los cuales azúcares 0.5g Proteínas 7.6g Sal 1.2g,No disponible,"(17,18 €/KILO)"
Bloc de foie de pato Capdevila lata 135 g,https://www.dia.es/charcuteria-y-quesos/foie-pate-y-sobrasada/p/304782,https://www.dia.es/product_images/304782/304782_ISO_0_ES.jpg?imwidth=392,"5,99 €",Grasas 48g de las cuales saturadas 21g Hidratos de Carbono 1.4g de los cuales azúcares 0.6g Proteínas 5g Sal 1.23g,No disponible,"(44,37 €/KILO)"
Paté de tomate y albahaca Carlota Organic frasco 110 g,https://www.dia.es/charcuteria-y-quesos/foie-pate-y-sobrasada/p/303493,https://www.dia.es/product_images/303493/303493_ISO_0_ES.jpg?imwidth=392,"2,19 €",No disponible,No disponible,"(19,91 €/KILO)"
"Paté de papaya, manzana y curry Carlota Organic frasco 110 g",https://www.dia.es/charcuteria-y-quesos/foie-pate-y-sobrasada/p/303471,https://www.dia.es/product_images/303471/303471_ISO_0_ES.jpg?imwidth=392,"2,19 €",No disponible,No disponible,"(19,91 €/KILO)"
Paté de berenjena y semillas de girasol Carlota Organic frasco 110 g,https://www.dia.es/charcuteria-y-quesos/foie-pate-y-sobrasada/p/303469,https://www.dia.es/product_images/303469/303469_ISO_0_ES.jpg?imwidth=392,"2,19 €",No disponible,No disponible,"(19,91 €/KILO)"
Paté de cerdo ibérico con moscatel Nuestra Alacena de Dia frasco 110 g,https://www.dia.es/charcuteria-y-quesos/foie-pate-y-sobrasada/p/302925,https://www.dia.es/product_images/302925/302925_ISO_0_ES.jpg?imwidth=392,"1,89 €",Grasas 20g de las cuales saturadas 6.7g Hidratos de Carbono 8.9g de los cuales azúcares 5.2g Proteínas 9.4g Sal 1.9g,No disponible,"(17,18 €/KILO)"
Paté de cerdo ibérico con higos Nuestra Alacena de Dia frasco 110 g,https://www.dia.es/charcuteria-y-quesos/foie-pate-y-sobrasada/p/302924,https://www.dia.es/product_images/302924/302924_ISO_0_ES.jpg?imwidth=392,"1,89 €",Grasas 13.3g de las cuales saturadas 5g Hidratos de Carbono 9.3g de los cuales azúcares 8.2g Proteínas 9.1g Sal 1.82g,No disponible,"(17,18 €/KILO)"
Crema de calamares en su tinta Nuestra Alacena de Dia frasco 110 g,https://www.dia.es/charcuteria-y-quesos/foie-pate-y-sobrasada/p/302905,https://www.dia.es/product_images/302905/302905_ISO_0_ES.jpg?imwidth=392,"1,89 €",Grasas 12g de las cuales saturadas 1.4g Hidratos de Carbono 25.2g de los cuales azúcares 9g Proteínas 3.8g Sal 2.06g,No disponible,"(17,18 €/KILO)"
Crema de gambas al ajillo Nuestra Alacena de Dia frasco 110 g,https://www.dia.es/charcuteria-y-quesos/foie-pate-y-sobrasada/p/302904,https://www.dia.es/product_images/302904/302904_ISO_0_ES.jpg?imwidth=392,"1,89 €",Grasas 21.4g de las cuales saturadas 2.8g Hidratos de Carbono 10.4g de los cuales azúcares 0.5g Proteínas 5.8g Sal 1.5g,No disponible,"(17,18 €/KILO)"
Surtido de patés Iberitos lata 3 x 80 g,https://www.dia.es/charcuteria-y-quesos/foie-pate-y-sobrasada/p/296692,https://www.dia.es/product_images/296692/296692_ISO_0_ES.jpg?imwidth=392,"2,95 €",No disponible,No disponible,"(12,29 €/KILO)"
Paté de cerdo a la pimienta 2 unidades La cuina blister 100 g,https://www.dia.es/charcuteria-y-quesos/foie-pate-y-sobrasada/p/295874,https://www.dia.es/product_images/295874/295874_ISO_0_ES.jpg?imwidth=392,"1,29 €",Grasas 29g de las cuales saturadas 9.2g Hidratos de Carbono 2.1g de los cuales azúcares 1g Proteínas 10g Sal 2.4g,No disponible,"(12,90 €/KILO)"
Crema de queso de cabra con anacardos Nuestra Alacena de Dia frasco 110 g,https://www.dia.es/charcuteria-y-quesos/foie-pate-y-sobrasada/p/295195,https://www.dia.es/product_images/295195/295195_ISO_0_ES.jpg?imwidth=392,"1,89 €",Grasas 9.7g de las cuales saturadas 4.9g Hidratos de Carbono 11.7g de los cuales azúcares 2.9g Proteínas 7.3g Sal 1.24g,No disponible,"(17,18 €/KILO)"
Crema de queso curado con aceite de oliva virgen extra Nuestra Alacena de Dia frasco 110 g,https://www.dia.es/charcuteria-y-quesos/foie-pate-y-sobrasada/p/295194,https://www.dia.es/product_images/295194/295194_ISO_0_ES.jpg?imwidth=392,"1,89 €",Grasas 11.6g de las cuales saturadas 6.3g Hidratos de Carbono 10.4g de los cuales azúcares 2.1g Proteínas 6.7g Sal 1.5g,No disponible,"(17,18 €/KILO)"
Verduras braseadas Vegedia frasco 110 g,https://www.dia.es/charcuteria-y-quesos/foie-pate-y-sobrasada/p/286534,https://www.dia.es/product_images/286534/286534_ISO_0_ES.jpg?imwidth=392,"1,49 €",Grasas 26g de las cuales saturadas 3.8g Hidratos de Carbono 1.4g de los cuales azúcares 0.5g Proteínas 1.5g Sal 2.71g,No disponible,"(13,55 €/KILO)"
Paté olivada Vegedia frasco 110 g,https://www.dia.es/charcuteria-y-quesos/foie-pate-y-sobrasada/p/286533,https://www.dia.es/product_images/286533/286533_ISO_0_ES.jpg?imwidth=392,"1,49 €",Grasas 26g de las cuales saturadas 3.8g Hidratos de Carbono 1.4g de los cuales azúcares 0.5g Proteínas 1.5g Sal 2.71g,No disponible,"(13,55 €/KILO)"
Paté de pollo Nuestra Alacena de Dia frasco 110 g,https://www.dia.es/charcuteria-y-quesos/foie-pate-y-sobrasada/p/286532,https://www.dia.es/product_images/286532/286532_ISO_0_ES.jpg?imwidth=392,"1,49 €",Grasas 11.5g de las cuales saturadas 2.2g Hidratos de Carbono 5.6g de los cuales azúcares 0.5g Proteínas 14.3g Sal 0.99g,No disponible,"(13,55 €/KILO)"
Crema de espárragos Nuestra Alacena de Dia frasco 110 g,https://www.dia.es/charcuteria-y-quesos/foie-pate-y-sobrasada/p/285930,https://www.dia.es/product_images/285930/285930_ISO_0_ES.jpg?imwidth=392,"1,89 €",Grasas 7g de las cuales saturadas 0.8g Hidratos de Carbono 7.9g de los cuales azúcares 1.1g Proteínas 1.2g Sal 1.42g,No disponible,"(17,18 €/KILO)"
Crema de alcachofas Nuestra Alacena de Dia frasco 110 g,https://www.dia.es/charcuteria-y-quesos/foie-pate-y-sobrasada/p/285929,https://www.dia.es/product_images/285929/285929_ISO_0_ES.jpg?imwidth=392,"1,89 €",Grasas 6.8g de las cuales saturadas 0.8g Hidratos de Carbono 9.3g de los cuales azúcares 1.1g Proteínas 1.3g Sal 1.42g,No disponible,"(17,18 €/KILO)"
Crema de pimientos del piquillo Nuestra Alacena de Dia frasco 110 g,https://www.dia.es/charcuteria-y-quesos/foie-pate-y-sobrasada/p/285928,https://www.dia.es/product_images/285928/285928_ISO_0_ES.jpg?imwidth=392,"1,89 €",Grasas 8.2g de las cuales saturadas 1.4g Hidratos de Carbono 13.2g de los cuales azúcares 4.9g Proteínas 1.8g Sal 1.34g,No disponible,"(17,18 €/KILO)"
Bloc paté de pato Sivore lata 150 g,https://www.dia.es/charcuteria-y-quesos/foie-pate-y-sobrasada/p/282420,https://www.dia.es/product_images/282420/282420_ISO_0_ES.jpg?imwidth=392,"3,49 €",Grasas 39g de las cuales saturadas 12g Hidratos de Carbono 0.2g de los cuales azúcares 0.1g Proteínas 7.6g Sal 1.5g,No disponible,"(23,27 €/KILO)"
Paté con pedro ximénez La piara frasco 130 g,https://www.dia.es/charcuteria-y-quesos/foie-pate-y-sobrasada/p/282387,https://www.dia.es/product_images/282387/282387_ISO_0_ES.jpg?imwidth=392,"2,19 €",Grasas 18g de las cuales saturadas 6.7g Hidratos de Carbono 18.4g de los cuales azúcares 13.2g Proteínas 10g Sal 1.2g,No disponible,"(16,85 €/KILO)"
Paté ibérico al oporto Gourmet cazorla frasco 110 g,https://www.dia.es/charcuteria-y-quesos/foie-pate-y-sobrasada/p/274870,https://www.dia.es/product_images/274870/274870_ISO_0_ES.jpg?imwidth=392,"1,95 €",No disponible,No disponible,"(17,73 €/KILO)"
Paté de ciervo al pedro ximénez Gourmet cazorla frasco 110 g,https://www.dia.es/charcuteria-y-quesos/foie-pate-y-sobrasada/p/274869,https://www.dia.es/product_images/274869/274869_ISO_0_ES.jpg?imwidth=392,"1,95 €",No disponible,No disponible,"(17,73 €/KILO)"
Paté de perdiz Gourmet cazorla frasco 110 g,https://www.dia.es/charcuteria-y-quesos/foie-pate-y-sobrasada/p/274868,https://www.dia.es/product_images/274868/274868_ISO_0_ES.jpg?imwidth=392,"1,95 €",No disponible,No disponible,"(17,73 €/KILO)"
Paté La piara Tapa Negra lata 225 g,https://www.dia.es/charcuteria-y-quesos/foie-pate-y-sobrasada/p/262,https://www.dia.es/product_images/262/262_ISO_0_ES.jpg?imwidth=392,"3,49 €",Grasas 24g de las cuales saturadas 8.7g Hidratos de Carbono 2.2g de los cuales azúcares 0.5g Proteínas 12g Sal 1.5g Hierro 4.4mg,No disponible,"(15,51 €/KILO)"
Foie gras de pato Martiko blister 40 g,https://www.dia.es/charcuteria-y-quesos/foie-pate-y-sobrasada/p/214474,https://www.dia.es/product_images/214474/214474_ISO_0_ES.jpg?imwidth=392,"2,95 €",Grasas 46g de las cuales saturadas 20g Hidratos de Carbono 2.8g de los cuales azúcares 0.8g Proteínas 4.7g Sal 0.88g,No disponible,"(73,75 €/KILO)"
Crema de pollo natural La piara lata 2 x 75 g,https://www.dia.es/charcuteria-y-quesos/foie-pate-y-sobrasada/p/187265,https://www.dia.es/product_images/187265/187265_ISO_0_ES.jpg?imwidth=392,"3,99 €",Grasas 12g de las cuales saturadas 1.8g Hidratos de Carbono 5.8g de los cuales azúcares 1.4g Proteínas 11g Sal 1.6g,No disponible,"(26,60 €/KILO)"
Crema de atún La piara frasco 180 g,https://www.dia.es/charcuteria-y-quesos/foie-pate-y-sobrasada/p/17986,https://www.dia.es/product_images/17986/17986_ISO_0_ES.jpg?imwidth=392,"3,89 €",Grasas 11g de las cuales saturadas 1.7g Hidratos de Carbono 5.2g de los cuales azúcares 1.6g Proteínas 9g Sal 1.4g,No disponible,"(21,61 €/KILO)"
Paté de atún La piara lata 150 g,https://www.dia.es/charcuteria-y-quesos/foie-pate-y-sobrasada/p/129843,https://www.dia.es/product_images/129843/129843_ISO_0_ES.jpg?imwidth=392,"3,95 €",Grasas 12g de las cuales saturadas 1.6g de las cuales monoinsaturadas 3.3g de las cuales poliinsaturadas 7g Hidratos de Carbono 4g de los cuales azúcares 1.1g Proteínas 11g Sal 1.5g,No disponible,"(26,33 €/KILO)"
Paté tapa negra ibérico La piara Tapa Negra lata 2 x 73 g,https://www.dia.es/charcuteria-y-quesos/foie-pate-y-sobrasada/p/123844,https://www.dia.es/product_images/123844/123844_ISO_0_ES.jpg?imwidth=392,"3,99 €",Grasas 22g de las cuales saturadas 8.1g Hidratos de Carbono 1.8g de los cuales azúcares 1.2g Proteínas 13g Sal 1.6g,No disponible,"(27,33 €/KILO)"
Paté picante La piara lata 2 x 73 g,https://www.dia.es/charcuteria-y-quesos/foie-pate-y-sobrasada/p/119815,https://www.dia.es/product_images/119815/119815_ISO_0_ES.jpg?imwidth=392,"3,99 €",Grasas 22g de las cuales saturadas 8.2g Hidratos de Carbono 1.4g de los cuales azúcares 0.5g Proteínas 12g Sal 2g,No disponible,"(27,33 €/KILO)"
Paté menos grasa La piara Tapa Negra lata 2 x 73 g,https://www.dia.es/charcuteria-y-quesos/foie-pate-y-sobrasada/p/116542,https://www.dia.es/product_images/116542/116542_ISO_0_ES.jpg?imwidth=392,"3,99 €",Grasas 12g de las cuales saturadas 4.3g Hidratos de Carbono 1.9g de los cuales azúcares 1.3g Proteínas 14g Sal 1.9g,No disponible,"(27,33 €/KILO)"
Filetes de pechuga de pollo Selección de Dia bandeja 550 g aprox.,https://www.dia.es/carniceria/pollo/p/21977,https://www.dia.es/product_images/21977/21977_ISO_0_ES.jpg?imwidth=392,"4,17 €",Grasas 2.6g de las cuales saturadas 0.6g Proteínas 23g Sal 0.11g,No disponible,"(7,59 €/KILO)"
Cuartos traseros de pollo Selección de Dia bandeja 650 g aprox.,https://www.dia.es/carniceria/pollo/p/18036,https://www.dia.es/product_images/18036/18036_ISO_0_ES.jpg?imwidth=392,"1,79 €",Grasas 16g de las cuales saturadas 4.4g Proteínas 16g Sal 0.21g,No disponible,"(2,75 €/KILO)"
Jamoncitos de pollo familiar Selección de Dia bandeja 950 g aprox.,https://www.dia.es/carniceria/pollo/p/4211,https://www.dia.es/product_images/4211/4211_ISO_0_ES.jpg?imwidth=392,"3,60 €",Grasas 9.2g de las cuales saturadas 2.5g Proteínas 18g Sal 0.27g,No disponible,"(3,79 €/KILO)"
Solomillo de pollo empanado Selección de Dia bandeja 500 g aprox.,https://www.dia.es/carniceria/pollo/p/266078,https://www.dia.es/product_images/266078/266078_ISO_0_ES.jpg?imwidth=392,"3,50 €",Grasas 3.3g de las cuales saturadas 0.6g Hidratos de Carbono 9.8g de los cuales azúcares 0.3g Proteínas 16.3g Sal 1.28g,No disponible,"(6,99 €/KILO)"
Longaniza de pollo Selección de Dia bandeja 400 g,https://www.dia.es/carniceria/pollo/p/275700,https://www.dia.es/product_images/275700/275700_ISO_0_ES.jpg?imwidth=392,"2,99 €",Grasas 10.4g de las cuales saturadas 3.4g Hidratos de Carbono 0.5g de los cuales azúcares 0.5g Proteínas 14.8g Sal 1.48g,No disponible,"(7,48 €/KILO)"
Pechugas enteras de pollo Selección de Dia bandeja 600 g aprox.,https://www.dia.es/carniceria/pollo/p/17936,https://www.dia.es/product_images/17936/17936_ISO_0_ES.jpg?imwidth=392,"4,19 €",Grasas 16g de las cuales saturadas 4g Proteínas 16g,No disponible,"(6,99 €/KILO)"
Alas partidas de pollo Selección de Dia bandeja 600 g aprox.,https://www.dia.es/carniceria/pollo/p/261367,https://www.dia.es/product_images/261367/261367_ISO_0_ES.jpg?imwidth=392,"3,29 €",Grasas 13g de las cuales saturadas 3.5g Proteínas 18g Sal 0.21g,No disponible,"(5,49 €/KILO)"
Albóndigas de pollo Selección de Dia bandeja 420 g,https://www.dia.es/carniceria/pollo/p/297329,https://www.dia.es/product_images/297329/297329_ISO_0_ES.jpg?imwidth=392,"3,79 €",Grasas 11.5g de las cuales saturadas 3.6g Hidratos de Carbono 1.7g de los cuales azúcares 0.1g Proteínas 16.9g Sal 1.24g,No disponible,"(9,02 €/KILO)"
Filetes de pechuga de pollo empanada marinada Selección de Dia bandeja 350 g aprox.,https://www.dia.es/carniceria/pollo/p/303507,https://www.dia.es/product_images/303507/303507_ISO_0_ES.jpg?imwidth=392,"2,80 €",Grasas 1.4g de las cuales saturadas 0.3g Hidratos de Carbono 19g de los cuales azúcares 14.9g Proteínas 14.1g Sal 1.18g,No disponible,"(7,99 €/KILO)"
Pechuga de pollo entera formato familiar Selección de Dia bandeja 1.1 Kg aprox.,https://www.dia.es/carniceria/pollo/p/261371,https://www.dia.es/product_images/261371/261371_ISO_0_ES.jpg?imwidth=392,"7,03 €",Grasas 2.6g de las cuales saturadas 0.6g Proteínas 23g Sal 0.11g,No disponible,"(6,39 €/KILO)"
Filetes de contramuslo de pollo Selección de Dia bandeja 500 g aprox.,https://www.dia.es/carniceria/pollo/p/41736,https://www.dia.es/product_images/41736/41736_ISO_0_ES.jpg?imwidth=392,"3,75 €",Grasas 4.1g de las cuales saturadas 1.1g Proteínas 20g Sal 0.24g,No disponible,"(7,49 €/KILO)"
Solomillo de pollo Selección de Dia bandeja 400 g aprox.,https://www.dia.es/carniceria/pollo/p/261354,https://www.dia.es/product_images/261354/261354_ISO_0_ES.jpg?imwidth=392,"3,48 €",Grasas 1.6g de las cuales saturadas 0.5g Proteínas 21g Sal 0.16g,No disponible,"(8,69 €/KILO)"
Filetes de pechuga de pollo corte fino Selección de Dia bandeja 450 g aprox.,https://www.dia.es/carniceria/pollo/p/50844,https://www.dia.es/product_images/50844/50844_ISO_0_ES.jpg?imwidth=392,"4,03 €",Grasas 1.6g de las cuales saturadas 0.5g Hidratos de Carbono 0.5g de los cuales azúcares 0.5g Proteínas 21g Sal 0.16g,No disponible,"(8,95 €/KILO)"
Medio pollo troceado formato familiar Selección de Dia bandeja 800 g aprox.,https://www.dia.es/carniceria/pollo/p/261388,https://www.dia.es/product_images/261388/261388_ISO_0_ES.jpg?imwidth=392,"3,35 €",Grasas 1.4g de las cuales saturadas 0.5g Proteínas 23g Sal 0.14g,No disponible,"(4,19 €/KILO)"
Pollo entero limpio Selección de Dia bandeja 1.9 Kg aprox.,https://www.dia.es/carniceria/pollo/p/6423,https://www.dia.es/product_images/6423/6423_ISO_0_ES.jpg?imwidth=392,"6,18 €",Grasas 1.7g de las cuales saturadas 0.7g Hidratos de Carbono 0.5g Proteínas 20.3g Sal 0.26g,No disponible,"(3,25 €/KILO)"
Filetes de pechuga de pollo a las finas hierbas Selección de Dia bandeja 450 g aprox.,https://www.dia.es/carniceria/pollo/p/301043,https://www.dia.es/product_images/301043/301043_ISO_0_ES.jpg?imwidth=392,"3,60 €",Grasas 1.1g de las cuales saturadas 0.4g Hidratos de Carbono 2g de los cuales azúcares 2g Proteínas 18.6g Sal 1.7g,No disponible,"(7,99 €/KILO)"
Cuarto trasero de pollo formato familiar Selección de Dia bandeja 1.4 Kg aprox.,https://www.dia.es/carniceria/pollo/p/261369,https://www.dia.es/product_images/261369/261369_ISO_0_ES.jpg?imwidth=392,"4,47 €",Grasas 16g de las cuales saturadas 4.4g Proteínas 16g Sal 0.21g,No disponible,"(3,19 €/KILO)"
Alas de pollo adobadas Selección de Dia bandeja 450 g,https://www.dia.es/carniceria/pollo/p/210927,https://www.dia.es/product_images/210927/210927_ISO_0_ES.jpg?imwidth=392,"2,79 €",Grasas 10.4g de las cuales saturadas 3.3g Hidratos de Carbono 1.2g de los cuales azúcares 0.8g Proteínas 14.1g Sal 1.15g,No disponible,"(6,20 €/KILO)"
Pollo entero para asar Selección de Dia bandeja 2 Kg,https://www.dia.es/carniceria/pollo/p/172789,https://www.dia.es/product_images/172789/172789_ISO_0_ES.jpg?imwidth=392,"7,99 €",Grasas 15g de las cuales saturadas 4.3g Proteínas 19g Sal 0.18g,No disponible,"(4,00 €/KILO)"
Dippers de pollo al estilo americano La cocinera caja 220 g,https://www.dia.es/carniceria/pollo/p/304379,https://www.dia.es/product_images/304379/304379_ISO_0_ES.jpg?imwidth=392,"2,99 €",Grasas 13g de las cuales saturadas 1.7g Hidratos de Carbono 26g de los cuales azúcares 0.6g Fibra alimentaria 1.1g Proteínas 12g Sal 1.1g,No disponible,"(13,59 €/KILO)"
Ternera en tacos añojo Selección de Dia bandeja 450 g aprox.,https://www.dia.es/carniceria/vacuno/p/276318,https://www.dia.es/product_images/276318/276318_ISO_0_ES.jpg?imwidth=392,"6,30 €",Grasas 8.4g de las cuales saturadas 3.8g Hidratos de Carbono 0.1g de los cuales azúcares 0.1g Proteínas 20g Sal 0.1g,No disponible,"(13,99 €/KILO)"
Escalopines de ternera Selección de Dia bandeja 400 g aprox.,https://www.dia.es/carniceria/vacuno/p/170629,https://www.dia.es/product_images/170629/170629_ISO_0_ES.jpg?imwidth=392,"6,36 €",Grasas 4.3g de las cuales saturadas 2.3g Hidratos de Carbono 0.1g de los cuales azúcares 0.1g Proteínas 21.5g Sal 0.01g,No disponible,"(15,89 €/KILO)"
Filete 1ºa de ternera Selección de Dia bandeja 450 g aprox.,https://www.dia.es/carniceria/vacuno/p/181288,https://www.dia.es/product_images/181288/181288_ISO_0_ES.jpg?imwidth=392,"7,20 €",Grasas 4.3g de las cuales saturadas 2.3g Hidratos de Carbono 0.1g de los cuales azúcares 0.1g Proteínas 21.5g Sal 0.1g,No disponible,"(15,99 €/KILO)"
Entrecot de lomo bajo de vacuno Selección de Dia bandeja 420 g aprox.,https://www.dia.es/carniceria/vacuno/p/276321,https://www.dia.es/product_images/276321/276321_ISO_0_ES.jpg?imwidth=392,"8,40 €",No disponible,No disponible,"(19,99 €/KILO)"
Escalopín de vacuno extratierno Elpozo Extratiernos bandeja 600 g aprox.,https://www.dia.es/carniceria/vacuno/p/294355,https://www.dia.es/product_images/294355/294355_ISO_0_ES.jpg?imwidth=392,"9,59 €",No disponible,No disponible,"(15,99 €/KILO)"
Medallón de cadera vacuno Selección de Dia bandeja 350 g aprox.,https://www.dia.es/carniceria/vacuno/p/277913,https://www.dia.es/product_images/277913/277913_ISO_0_ES.jpg?imwidth=392,"5,95 €",Grasas 1.1g de las cuales saturadas 0.6g Hidratos de Carbono 0g de los cuales azúcares 0g Proteínas 22g Sal 0.1g,No disponible,"(16,99 €/KILO)"
Filete tapilla añojo Selección de Dia bandeja 350 g aprox.,https://www.dia.es/carniceria/vacuno/p/300101,https://www.dia.es/product_images/300101/300101_ISO_0_ES.jpg?imwidth=392,"7,00 €",No disponible,No disponible,"(19,99 €/KILO)"
Carpaccio con salsa de trufa Casa de vacas bandeja 125 g,https://www.dia.es/carniceria/vacuno/p/304838,https://www.dia.es/product_images/304838/304838_ISO_0_ES.jpg?imwidth=392,"4,99 €",No disponible,No disponible,"(39,92 €/KILO)"
Steak tartar marinado Casa de vacas bandeja 180 g,https://www.dia.es/carniceria/vacuno/p/304837,https://www.dia.es/product_images/304837/304837_ISO_0_ES.jpg?imwidth=392,"8,99 €",No disponible,No disponible,"(49,94 €/KILO)"
Estofado de cerdo Selección de Dia bandeja 500 g aprox.,https://www.dia.es/carniceria/cerdo/p/290996,https://www.dia.es/product_images/290996/290996_ISO_0_ES.jpg?imwidth=392,"3,20 €",No disponible,No disponible,"(6,39 €/KILO)"
Filete de cinta de lomo marinado Selección de Dia bandeja 300 g,https://www.dia.es/carniceria/cerdo/p/166223,https://www.dia.es/product_images/166223/166223_ISO_0_ES.jpg?imwidth=392,"2,69 €",Grasas 4g de las cuales saturadas 1.1g Hidratos de Carbono 1.5g de los cuales azúcares 1g Proteínas 21g Sal 1.5g,No disponible,"(8,97 €/KILO)"
Solomillo de cerdo Selección de Dia bolsa 600 g aprox.,https://www.dia.es/carniceria/cerdo/p/11077,https://www.dia.es/product_images/11077/11077_ISO_0_ES.jpg?imwidth=392,"5,39 €",No disponible,No disponible,"(8,99 €/KILO)"
Costillas troceadas de cerdo Selección de Dia bandeja 450 g aprox.,https://www.dia.es/carniceria/cerdo/p/291164,https://www.dia.es/product_images/291164/291164_ISO_0_ES.jpg?imwidth=392,"2,86 €",No disponible,No disponible,"(6,35 €/KILO)"
Longaniza sin tripa Selección de Dia bandeja 325 g,https://www.dia.es/carniceria/cerdo/p/112150,https://www.dia.es/product_images/112150/112150_ISO_0_ES.jpg?imwidth=392,"1,99 €",Grasas 16g de las cuales saturadas 5.6g Hidratos de Carbono 2.5g de los cuales azúcares 0.5g Proteínas 13g Sal 2g,No disponible,"(6,12 €/KILO)"
Chuleta de aguja de cerdo Selección de Dia bandeja 600 g aprox.,https://www.dia.es/carniceria/cerdo/p/260861,https://www.dia.es/product_images/260861/260861_ISO_0_ES.jpg?imwidth=392,"3,89 €",No disponible,No disponible,"(6,49 €/KILO)"
Escalopín de lomo de cerdo marinado Elpozo Extratiernos bandeja 600 g aprox.,https://www.dia.es/carniceria/cerdo/p/113270,https://www.dia.es/product_images/113270/113270_ISO_0_ES.jpg?imwidth=392,"4,99 €",Grasas 4g de las cuales saturadas 1.4g Hidratos de Carbono 0.5g de los cuales azúcares 0.4g Proteínas 20g Sal 1.3g,No disponible,"(8,32 €/KILO)"
Arreglo para caldo Selección de Dia bandeja 1 Kg aprox.,https://www.dia.es/carniceria/cerdo/p/186429,https://www.dia.es/product_images/186429/186429_ISO_0_ES.jpg?imwidth=392,"5,39 €",No disponible,No disponible,"(5,39 €/KILO)"
Filete de cinta de lomo Selección de Dia bandeja 450 g aprox.,https://www.dia.es/carniceria/cerdo/p/290994,https://www.dia.es/product_images/290994/290994_ISO_0_ES.jpg?imwidth=392,"3,37 €",No disponible,No disponible,"(7,49 €/KILO)"
Albóndigas de cerdo Selección de Dia bandeja 400 g,https://www.dia.es/carniceria/cerdo/p/271754,https://www.dia.es/product_images/271754/271754_ISO_0_ES.jpg?imwidth=392,"2,49 €",Grasas 21.7g de las cuales saturadas 8.5g Hidratos de Carbono 3.5g de los cuales azúcares 1.5g Proteínas 14.4g Sal 2.5g,No disponible,"(6,23 €/KILO)"
Filetes de cabeza de lomo de cerdo Selección de Dia bandeja 500 g aprox.,https://www.dia.es/carniceria/cerdo/p/260899,https://www.dia.es/product_images/260899/260899_ISO_0_ES.jpg?imwidth=392,"3,50 €",No disponible,No disponible,"(6,99 €/KILO)"
Chorizo oreado Selección de Dia bandeja 300 g,https://www.dia.es/carniceria/cerdo/p/273359,https://www.dia.es/product_images/273359/273359_ISO_0_ES.jpg?imwidth=392,"2,29 €",Grasas 34g de las cuales saturadas 12g Hidratos de Carbono 0.8g de los cuales azúcares 0.8g Proteínas 15g Sal 2.9g,No disponible,"(7,63 €/KILO)"
Chuleta de lomo de cerdo Selección de Dia bandeja 600 g aprox.,https://www.dia.es/carniceria/cerdo/p/290992,https://www.dia.es/product_images/290992/290992_ISO_0_ES.jpg?imwidth=392,"4,13 €",No disponible,No disponible,"(6,89 €/KILO)"
Secreto de cerdo Selección de Dia bolsa 550 g aprox.,https://www.dia.es/carniceria/cerdo/p/144690,https://www.dia.es/product_images/144690/144690_ISO_0_ES.jpg?imwidth=392,"3,84 €",No disponible,No disponible,"(6,99 €/KILO)"
Lomo adobado al horno bandeja 330 g,https://www.dia.es/carniceria/cerdo/p/1372,https://www.dia.es/product_images/1372/1372_ISO_0_ES.jpg?imwidth=392,"2,99 €",Grasas 1.5g de las cuales saturadas 0.5g Hidratos de Carbono 3g de los cuales azúcares 2.5g Proteínas 16g Sal 2g,No disponible,"(9,06 €/KILO)"
Tira de costilla de cerdo envasada al vacío Selección de Dia bolsa 900 g aprox.,https://www.dia.es/carniceria/cerdo/p/134262,https://www.dia.es/product_images/134262/134262_ISO_0_ES.jpg?imwidth=392,"6,56 €",No disponible,No disponible,"(7,29 €/KILO)"
Longaniza fresca Selección de Dia bandeja 350 g,https://www.dia.es/carniceria/cerdo/p/282904,https://www.dia.es/product_images/282904/282904_ISO_0_ES.jpg?imwidth=392,"2,69 €",Grasas 16g de las cuales saturadas 6.3g Hidratos de Carbono 0.5g Proteínas 17g Sal 1.7g,No disponible,"(7,69 €/KILO)"
Compango asturiano Vallina bolsa 250 g,https://www.dia.es/carniceria/cerdo/p/159422,https://www.dia.es/product_images/159422/159422_ISO_0_ES.jpg?imwidth=392,"2,69 €",Grasas 44g de las cuales saturadas 16g Hidratos de Carbono 4.3g de los cuales azúcares 1.6g Proteínas 15g Sal 2.9g,No disponible,"(10,76 €/KILO)"
Panceta fileteada de cerdo Selección de Dia bandeja 500 g aprox.,https://www.dia.es/carniceria/cerdo/p/290997,https://www.dia.es/product_images/290997/290997_ISO_0_ES.jpg?imwidth=392,"3,90 €",No disponible,No disponible,"(7,79 €/KILO)"
Cinta de lomo adobada Selección de Dia bandeja 900 g aprox.,https://www.dia.es/carniceria/cerdo/p/111575,https://www.dia.es/product_images/111575/111575_ISO_0_ES.jpg?imwidth=392,"7,19 €",Grasas 5.1g de las cuales saturadas 1.1g Hidratos de Carbono 0.4g Proteínas 20g Sal 1.8g,No disponible,"(7,99 €/KILO)"
Solomillo de pavo Selección de Dia bandeja 400 g aprox.,https://www.dia.es/carniceria/pavo/p/261350,https://www.dia.es/product_images/261350/261350_ISO_0_ES.jpg?imwidth=392,"3,20 €",Grasas 1.2g de las cuales saturadas 0.4g Hidratos de Carbono 0g de los cuales azúcares 0g Proteínas 24.5g Sal 0.14g,No disponible,"(7,99 €/KILO)"
Chuletas de pavo al ajillo Selección de Dia bandeja 550 g aprox.,https://www.dia.es/carniceria/pavo/p/147147,https://www.dia.es/product_images/147147/147147_ISO_0_ES.jpg?imwidth=392,"3,84 €",Grasas 2.3g de las cuales saturadas 0.9g Hidratos de Carbono 0g de los cuales azúcares 0g Proteínas 17.9g Sal 0.93g,No disponible,"(6,99 €/KILO)"
Filetes de pechuga de pavo Selección de Dia bandeja 650 g aprox.,https://www.dia.es/carniceria/pavo/p/261349,https://www.dia.es/product_images/261349/261349_ISO_0_ES.jpg?imwidth=392,"5,84 €",Grasas 7.6g de las cuales saturadas 2.7g Proteínas 20.1g Sal 0.23g,No disponible,"(8,99 €/KILO)"
Pechuga de pavo adobada Serrano bandeja 240 g,https://www.dia.es/carniceria/pavo/p/71825,https://www.dia.es/product_images/71825/71825_ISO_0_ES.jpg?imwidth=392,"2,29 €",Grasas 2g de las cuales saturadas 0.8g Hidratos de Carbono 8g de los cuales azúcares 1.8g Fibra alimentaria 5g Proteínas 12g Sal 2.6g,No disponible,"(9,54 €/KILO)"
Filete de pavo al pimentón Selección de Dia bandeja 575 g aprox.,https://www.dia.es/carniceria/pavo/p/186193,https://www.dia.es/product_images/186193/186193_ISO_0_ES.jpg?imwidth=392,"5,17 €",Grasas 1g de las cuales saturadas 0.4g Hidratos de Carbono 3.2g de los cuales azúcares 0g Proteínas 20.3g Sal 1.57g,No disponible,"(8,99 €/KILO)"
Solomillo de pavo marinado al curry Selección de Dia bandeja 450 g aprox.,https://www.dia.es/carniceria/pavo/p/302915,https://www.dia.es/product_images/302915/302915_ISO_0_ES.jpg?imwidth=392,"3,82 €",Grasas 0.8g de las cuales saturadas 0.3g Hidratos de Carbono 1.3g de los cuales azúcares 0g Proteínas 20g Sal 1.31g,No disponible,"(8,49 €/KILO)"
Fiambre de lomo de pavo Serrano bandeja 240 g,https://www.dia.es/carniceria/pavo/p/71826,https://www.dia.es/product_images/71826/71826_ISO_0_ES.jpg?imwidth=392,"2,19 €",Grasas 2g de las cuales saturadas 0.8g Hidratos de Carbono 10g de los cuales azúcares 1.8g Proteínas 11g Sal 2.6g,No disponible,"(9,13 €/KILO)"
Medio conejo troceado Selección de Dia bandeja 650 g aprox.,https://www.dia.es/carniceria/conejo/p/7020,https://www.dia.es/product_images/7020/7020_ISO_0_ES.jpg?imwidth=392,"6,17 €",Grasas 1.5g de las cuales saturadas 0.5g Proteínas 23.6g Sal 0.1g,No disponible,"(9,49 €/KILO)"
Conejo entero Selección de Dia bolsa 1.25 Kg aprox.,https://www.dia.es/carniceria/conejo/p/17934,https://www.dia.es/product_images/17934/17934_ISO_0_ES.jpg?imwidth=392,"10,61 €",Grasas 5.3g de las cuales saturadas 2g Hidratos de Carbono 0g de los cuales azúcares 0g Proteínas 21g Sal 0.14g,No disponible,"(8,49 €/KILO)"
Preparado de carne picada de cerdo y vacuno Selección de Dia bandeja 500 g,https://www.dia.es/carniceria/hamburguesas-y-carne-picada/p/261241,https://www.dia.es/product_images/261241/261241_ISO_0_ES.jpg?imwidth=392,"3,79 €",Grasas 15g de las cuales saturadas 6.3g Hidratos de Carbono 0.5g de los cuales azúcares 0.5g Proteínas 18g Sal 0.3g,No disponible,"(7,58 €/KILO)"
Burger meat de cerdo y vacuno Selección de Dia bandeja 540 g,https://www.dia.es/carniceria/hamburguesas-y-carne-picada/p/244789,https://www.dia.es/product_images/244789/244789_ISO_0_ES.jpg?imwidth=392,"3,99 €",Grasas 16g de las cuales saturadas 5.8g Hidratos de Carbono 0.75g de los cuales azúcares 0.75g Proteínas 16g Sal 1.7g,No disponible,"(7,39 €/KILO)"
Burger meat de pollo Selección de Dia bandeja 540 g,https://www.dia.es/carniceria/hamburguesas-y-carne-picada/p/261374,https://www.dia.es/product_images/261374/261374_ISO_0_ES.jpg?imwidth=392,"3,99 €",Grasas 10.8g de las cuales saturadas 3.6g Hidratos de Carbono 1.4g de los cuales azúcares 0.6g Proteínas 13.2g Sal 1.9g,No disponible,"(7,39 €/KILO)"
Burger crunchy chicken 2 unidades Selección de Dia bandeja 240 g,https://www.dia.es/carniceria/hamburguesas-y-carne-picada/p/288198,https://www.dia.es/product_images/288198/288198_ISO_0_ES.jpg?imwidth=392,"1,99 €",Grasas 10.1g de las cuales saturadas 1.3g Hidratos de Carbono 19.5g de los cuales azúcares 0.8g Proteínas 14.1g Sal 1.6g,No disponible,"(8,29 €/KILO)"
Preparado de carne picada de vacuno y cerdo Selección de Dia bandeja 900 g,https://www.dia.es/carniceria/hamburguesas-y-carne-picada/p/261242,https://www.dia.es/product_images/261242/261242_ISO_0_ES.jpg?imwidth=392,"6,39 €",Grasas 15g de las cuales saturadas 6.3g Hidratos de Carbono 0.5g de los cuales azúcares 0.5g Proteínas 18g Sal 0.3g,No disponible,"(7,10 €/KILO)"
Preparado de carne picada de vacuno Selección de Dia bandeja 500 g,https://www.dia.es/carniceria/hamburguesas-y-carne-picada/p/261239,https://www.dia.es/product_images/261239/261239_ISO_0_ES.jpg?imwidth=392,"3,99 €",Grasas 15g de las cuales saturadas 7.5g Hidratos de Carbono 1g de los cuales azúcares 0.5g Proteínas 18g Sal 0.4g,No disponible,"(7,98 €/KILO)"
Preparado de carne picada de cerdo Selección de Dia bandeja 500 g,https://www.dia.es/carniceria/hamburguesas-y-carne-picada/p/261238,https://www.dia.es/product_images/261238/261238_ISO_0_ES.jpg?imwidth=392,"2,99 €",Grasas 16g de las cuales saturadas 6.3g Hidratos de Carbono 1g de los cuales azúcares 0.6g Proteínas 16g Sal 0.4g,No disponible,"(5,98 €/KILO)"
Preparado de carne picada de pavo y pollo Selección de Dia bandeja 365 g,https://www.dia.es/carniceria/hamburguesas-y-carne-picada/p/291140,https://www.dia.es/product_images/291140/291140_ISO_0_ES.jpg?imwidth=392,"2,89 €",Grasas 6g de las cuales saturadas 2g Hidratos de Carbono 3.9g Proteínas 17.9g Sal 1.27g,No disponible,"(7,92 €/KILO)"
Burger meat de vacuno Selección de Dia bandeja 540 g,https://www.dia.es/carniceria/hamburguesas-y-carne-picada/p/244790,https://www.dia.es/product_images/244790/244790_ISO_0_ES.jpg?imwidth=392,"4,79 €",Grasas 13g de las cuales saturadas 6.5g Hidratos de Carbono 2g de los cuales azúcares 0.5g Proteínas 16.5g Sal 1.8g,No disponible,"(8,87 €/KILO)"
Burger meat de pollo y espinacas Selección de Dia bandeja 200 g,https://www.dia.es/carniceria/hamburguesas-y-carne-picada/p/275697,https://www.dia.es/product_images/275697/275697_ISO_0_ES.jpg?imwidth=392,"1,50 €",Grasas 8.6g de las cuales saturadas 2.7g Hidratos de Carbono 4.4g de los cuales azúcares 0.5g Proteínas 13.8g Sal 1.8g,No disponible,"(7,50 €/KILO)"
Burger meat big new york Selección de Dia bandeja 300 g,https://www.dia.es/carniceria/hamburguesas-y-carne-picada/p/273119,https://www.dia.es/product_images/273119/273119_ISO_0_ES.jpg?imwidth=392,"3,59 €",Grasas 14g de las cuales saturadas 5.2g Hidratos de Carbono 2g de los cuales azúcares 1g Proteínas 18g Sal 1.73g,No disponible,"(11,97 €/KILO)"
Burger crunchy chicken bacón y queso Selección de Dia bandeja 200 g,https://www.dia.es/carniceria/hamburguesas-y-carne-picada/p/303508,https://www.dia.es/product_images/303508/303508_ISO_0_ES.jpg?imwidth=392,"1,99 €",Grasas 9.3g de las cuales saturadas 2.3g Hidratos de Carbono 17.6g de los cuales azúcares 1.2g Proteínas 12.3g Sal 1.74g,No disponible,"(9,95 €/KILO)"
Preparado de carne picada de vacuno Selección de Dia bandeja 900 g,https://www.dia.es/carniceria/hamburguesas-y-carne-picada/p/261240,https://www.dia.es/product_images/261240/261240_ISO_0_ES.jpg?imwidth=392,"6,99 €",Grasas 15g de las cuales saturadas 7.5g Hidratos de Carbono 1g de los cuales azúcares 0.5g Proteínas 18g Sal 0.4g,No disponible,"(7,77 €/KILO)"
Hamburguesa de vacuno ecológica Selección de Dia bandeja 240 g,https://www.dia.es/carniceria/hamburguesas-y-carne-picada/p/272306,https://www.dia.es/product_images/272306/272306_ISO_0_ES.jpg?imwidth=392,"2,99 €",Grasas 11.1g de las cuales saturadas 4.8g Hidratos de Carbono 0.4g Proteínas 19.2g Sal 1.08g,No disponible,"(12,46 €/KILO)"
Preparado de carne picada de vacuno ecológico Selección de Dia bandeja 300 g,https://www.dia.es/carniceria/hamburguesas-y-carne-picada/p/303270,https://www.dia.es/product_images/303270/303270_ISO_0_ES.jpg?imwidth=392,"3,89 €",Grasas 3g de las cuales saturadas 1.5g Hidratos de Carbono 1.1g de los cuales azúcares 0.4g Proteínas 20.1g Sal 1.1g,No disponible,"(12,97 €/KILO)"
Hamburguesa de vacuno ecológico baja en grasa Selección de Dia bandeja 150 g,https://www.dia.es/carniceria/hamburguesas-y-carne-picada/p/302298,https://www.dia.es/product_images/302298/302298_ISO_0_ES.jpg?imwidth=392,"1,99 €",Grasas 2.4g de las cuales saturadas 1.1g Hidratos de Carbono 1.6g de los cuales azúcares 0.5g Proteínas 21.1g Sal 1.66g,No disponible,"(13,27 €/KILO)"
Escalopines de salmón Selección de Dia bandeja 350g aprox.,https://www.dia.es/pescados-mariscos-y-ahumados/pescados/p/269628,https://www.dia.es/product_images/269628/269628_ISO_0_ES.jpg?imwidth=392,"8,20 €",Grasas 16g de las cuales saturadas 3g Hidratos de Carbono 0g de los cuales azúcares 0g Proteínas 20g Sal 0.11g,No disponible,"(23,42 €/KILO)"
Filete de dorada Selección de Dia bandeja 240 g aprox.,https://www.dia.es/pescados-mariscos-y-ahumados/pescados/p/298039,https://www.dia.es/product_images/298039/298039_ISO_0_ES.jpg?imwidth=392,"5,49 €",Grasas 8.4g de las cuales saturadas 1.7g Hidratos de Carbono 0.9g de los cuales azúcares 0.9g Proteínas 20.2g Sal 0.12g,No disponible,"(22,87 €/KILO)"
Sepia Selección de Dia bandeja 320 g aprox.,https://www.dia.es/pescados-mariscos-y-ahumados/pescados/p/298040,https://www.dia.es/product_images/298040/298040_ISO_0_ES.jpg?imwidth=392,"4,99 €",Grasas 0.6g de las cuales saturadas 0.4g Hidratos de Carbono 0.9g de los cuales azúcares 0.9g Proteínas 9.4g Sal 1.93g,No disponible,"(15,60 €/KILO)"
Filete de salmón Selección de Dia bandeja 365 g aprox.,https://www.dia.es/pescados-mariscos-y-ahumados/pescados/p/162012,https://www.dia.es/product_images/162012/162012_ISO_0_ES.jpg?imwidth=392,"8,49 €",Grasas 16g de las cuales saturadas 3g Hidratos de Carbono 0g de los cuales azúcares 0g Proteínas 20g Sal 0.11g,No disponible,"(23,25 €/KILO)"
Buñuelos de bacalao Freskibo bandeja 225 g,https://www.dia.es/pescados-mariscos-y-ahumados/pescados/p/299857,https://www.dia.es/product_images/299857/299857_ISO_0_ES.jpg?imwidth=392,"2,99 €",Grasas 12g de las cuales saturadas 0.3g Hidratos de Carbono 15g de los cuales azúcares 0.6g Fibra alimentaria 0.7g Proteínas 11g Sal 1.82g,No disponible,"(13,29 €/KILO)"
Salpicón de marisco con vinagreta bandeja 400 g,https://www.dia.es/pescados-mariscos-y-ahumados/pescados/p/303631,https://www.dia.es/product_images/303631/303631_ISO_0_ES.jpg?imwidth=392,"4,99 €",No disponible,No disponible,"(12,48 €/KILO)"
Langostino cocido Selección de Dia bandeja 400 g,https://www.dia.es/pescados-mariscos-y-ahumados/mariscos/p/117788,https://www.dia.es/product_images/117788/117788_ISO_0_ES.jpg?imwidth=392,"3,33 €",Grasas 0.7g de las cuales saturadas 0.5g Hidratos de Carbono 0g de los cuales azúcares 0g Proteínas 22g Sal 1.8g,No disponible,"(8,33 €/KILO)"
Taquitos de mar cocidos Mari Marinera de Dia bolsa 125 g,https://www.dia.es/pescados-mariscos-y-ahumados/mariscos/p/294392,https://www.dia.es/product_images/294392/294392_ISO_0_ES.jpg?imwidth=392,"2,29 €",Grasas 0.9g de las cuales saturadas 0.3g Hidratos de Carbono 0.1g de los cuales azúcares 0.1g Proteínas 19.2g Sal 1.3g,No disponible,"(18,32 €/KILO)"
Mejillones cocidos en su jugo Aguinamar bolsa 1 Kg,https://www.dia.es/pescados-mariscos-y-ahumados/mariscos/p/81922,https://www.dia.es/product_images/81922/81922_ISO_0_ES.jpg?imwidth=392,"5,29 €",Grasas 2.3g de las cuales saturadas 0.7g Hidratos de Carbono 0g de los cuales azúcares 0g Proteínas 14g Sal 1.5g,No disponible,"(5,29 €/KILO)"
Pata de pulpo cocido Mari Marinera de Dia bandeja 250 g,https://www.dia.es/pescados-mariscos-y-ahumados/mariscos/p/269304,https://www.dia.es/product_images/269304/269304_ISO_0_ES.jpg?imwidth=392,"9,79 €",Grasas 0.7g de las cuales saturadas 0.2g Hidratos de Carbono 0g de los cuales azúcares 0g Proteínas 23g Sal 0.73g,No disponible,"(39,16 €/KILO)"
Potón cocido en rodajas Mari Marinera de Dia bolsa 200 g,https://www.dia.es/pescados-mariscos-y-ahumados/mariscos/p/294391,https://www.dia.es/product_images/294391/294391_ISO_0_ES.jpg?imwidth=392,"4,39 €",Grasas 0.9g de las cuales saturadas 0.3g Hidratos de Carbono 0.1g de los cuales azúcares 0.1g Proteínas 19.2g Sal 1.3g,No disponible,"(21,95 €/KILO)"
Media ración de pulpo cocido Embumar bandeja 150 g,https://www.dia.es/pescados-mariscos-y-ahumados/mariscos/p/303182,https://www.dia.es/product_images/303182/303182_ISO_0_ES.jpg?imwidth=392,"4,99 €",No disponible,No disponible,"(33,27 €/KILO)"
Mejillones en salsa de tomate Aguinamar bandeja 500 g,https://www.dia.es/pescados-mariscos-y-ahumados/mariscos/p/256038,https://www.dia.es/product_images/256038/256038_ISO_0_ES.jpg?imwidth=392,"4,49 €",Grasas 2.2g de las cuales saturadas 0.4g Hidratos de Carbono 1.9g de los cuales azúcares 1.2g Proteínas 6g Sal 1.6g,No disponible,"(8,98 €/KILO)"
Gamba blanca cocida Terranova bandeja 300 g,https://www.dia.es/pescados-mariscos-y-ahumados/mariscos/p/117791,https://www.dia.es/product_images/117791/117791_ISO_0_ES.jpg?imwidth=392,"6,79 €",No disponible,No disponible,"(22,63 €/KILO)"
Salmón ahumado Selección Mundial de Dia sobre 100 g,https://www.dia.es/pescados-mariscos-y-ahumados/ahumados-salazones-y-preparados/p/263686,https://www.dia.es/product_images/263686/263686_ISO_0_ES.jpg?imwidth=392,"3,80 €",Grasas 11.2g de las cuales saturadas 1.8g Hidratos de Carbono 1.5g de los cuales azúcares 1g Proteínas 24g Sal 2.5g,No disponible,"(38,00 €/KILO)"
Boquerones al vinagre MSC Mari Marinera de Dia bandeja 80 g,https://www.dia.es/pescados-mariscos-y-ahumados/ahumados-salazones-y-preparados/p/267319,https://www.dia.es/product_images/267319/267319_ISO_0_ES.jpg?imwidth=392,"2,39 €",Grasas 6.2g de las cuales saturadas 0.9g Hidratos de Carbono 0.7g de los cuales azúcares 0.1g Proteínas 22.1g Sal 3.7g,No disponible,"(29,88 €/KILO)"
Anchoa del Cantábrico en aceite de oliva Mari Marinera de Dia pack 3 x 25 g,https://www.dia.es/pescados-mariscos-y-ahumados/ahumados-salazones-y-preparados/p/293674,https://www.dia.es/product_images/293674/293674_ISO_0_ES.jpg?imwidth=392,"2,99 €",Grasas 5.1g de las cuales saturadas 0.7g Hidratos de Carbono 0.5g de los cuales azúcares 0.5g Proteínas 29g Sal 11.93g,No disponible,"(39,87 €/KILO)"
Filetes de anchoa del Cantábrico en aceite de girasol Mari Marinera de Dia pack 3 x 25 g,https://www.dia.es/pescados-mariscos-y-ahumados/ahumados-salazones-y-preparados/p/293673,https://www.dia.es/product_images/293673/293673_ISO_0_ES.jpg?imwidth=392,"2,79 €",Grasas 85.6g de las cuales saturadas 1.1g Hidratos de Carbono 0.5g de los cuales azúcares 0.5g Proteínas 27.4g Sal 11.43g,No disponible,"(37,20 €/KILO)"
Salmón ahumado Selección Mundial de Dia sobre 200 g,https://www.dia.es/pescados-mariscos-y-ahumados/ahumados-salazones-y-preparados/p/44404,https://www.dia.es/product_images/44404/44404_ISO_0_ES.jpg?imwidth=392,"7,20 €",Grasas 11.2g de las cuales saturadas 1.8g Hidratos de Carbono 1.5g de los cuales azúcares 1g Proteínas 24g Sal 2.5g,No disponible,"(36,00 €/KILO)"
Boquerones al vinagre con ajo y perejil MSC Mari Marinera de Dia bandeja 80 g,https://www.dia.es/pescados-mariscos-y-ahumados/ahumados-salazones-y-preparados/p/296779,https://www.dia.es/product_images/296779/296779_ISO_0_ES.jpg?imwidth=392,"2,49 €",Grasas 7.3g de las cuales saturadas 1.1g Hidratos de Carbono 0.5g de los cuales azúcares 0.5g Proteínas 21.1g Sal 2.23g,No disponible,"(31,13 €/KILO)"
Trucha ahumada Mari Marinera de Dia bandeja 100 g,https://www.dia.es/pescados-mariscos-y-ahumados/ahumados-salazones-y-preparados/p/233894,https://www.dia.es/product_images/233894/233894_ISO_0_ES.jpg?imwidth=392,"3,69 €",Grasas 12g de las cuales saturadas 2.5g Hidratos de Carbono 1g de los cuales azúcares 1g Proteínas 21g Sal 3.3g,No disponible,"(36,90 €/KILO)"
Aceituna gordal rellena de boquerón del Cantábrico MSC Kiele bandeja 150 g,https://www.dia.es/pescados-mariscos-y-ahumados/ahumados-salazones-y-preparados/p/296521,https://www.dia.es/product_images/296521/296521_ISO_0_ES.jpg?imwidth=392,"2,99 €",No disponible,No disponible,"(19,93 €/KILO)"
Filetes de anchoa en aceite de girasol alto oleico Consorcio lata 23 g,https://www.dia.es/pescados-mariscos-y-ahumados/ahumados-salazones-y-preparados/p/303326,https://www.dia.es/product_images/303326/303326_ISO_0_ES.jpg?imwidth=392,"2,45 €",No disponible,No disponible,"(106,52 €/KILO)"
Bacalao desmigado desalado MSC Mari Marinera de Dia bandeja 250 g,https://www.dia.es/pescados-mariscos-y-ahumados/ahumados-salazones-y-preparados/p/264608,https://www.dia.es/product_images/264608/264608_ISO_0_ES.jpg?imwidth=392,"4,79 €",Grasas 1g de las cuales saturadas 0.1g Hidratos de Carbono 0g de los cuales azúcares 0g Proteínas 11.3g Sal 1.5g,No disponible,"(19,16 €/KILO)"
Filetes de sardina anchoada en salazón Kiele bandeja 50 g,https://www.dia.es/pescados-mariscos-y-ahumados/ahumados-salazones-y-preparados/p/181667,https://www.dia.es/product_images/181667/181667_ISO_0_ES.jpg?imwidth=392,"1,89 €",Grasas 5.7g de las cuales saturadas 0.64g Hidratos de Carbono 0.8g de los cuales azúcares 0.5g Proteínas 20.3g Sal 4.23g,No disponible,"(37,80 €/KILO)"
Filetes de anchoa en aceite de oliva reducido sal MSC Mari Marinera de Dia lata 29 g,https://www.dia.es/pescados-mariscos-y-ahumados/ahumados-salazones-y-preparados/p/293675,https://www.dia.es/product_images/293675/293675_ISO_0_ES.jpg?imwidth=392,"1,99 €",Grasas 7.6g de las cuales saturadas 1g Hidratos de Carbono 0g de los cuales azúcares 0g Proteínas 26.6g Sal 9g,No disponible,"(68,62 €/KILO)"
Salmón ahumado bajo en sal Skandia sobre 80 g,https://www.dia.es/pescados-mariscos-y-ahumados/ahumados-salazones-y-preparados/p/303878,https://www.dia.es/product_images/303878/303878_ISO_0_ES.jpg?imwidth=392,"3,99 €",Grasas 13g de las cuales saturadas 2.2g Hidratos de Carbono 0.5g de los cuales azúcares 0.5g Proteínas 22g Sal 2g,No disponible,"(49,88 €/KILO)"
Anchoas en aceite de oliva MSC Mari Marinera de Dia lata 50 g,https://www.dia.es/pescados-mariscos-y-ahumados/ahumados-salazones-y-preparados/p/184569,https://www.dia.es/product_images/184569/184569_ISO_0_ES.jpg?imwidth=392,"3,89 €",Grasas 11g de las cuales saturadas 2.2g Hidratos de Carbono 0.6g de los cuales azúcares 0g Proteínas 28g Sal 13g,No disponible,"(77,80 €/KILO)"
Huevas de capelán Royal frasco 50 g,https://www.dia.es/pescados-mariscos-y-ahumados/ahumados-salazones-y-preparados/p/179044,https://www.dia.es/product_images/179044/179044_ISO_0_ES.jpg?imwidth=392,"1,99 €",Grasas 2g de las cuales saturadas 0.4g Hidratos de Carbono 3.1g de los cuales azúcares 0g Proteínas 7.6g Sal 4g,No disponible,"(39,80 €/KILO)"
Colas de langostino al ajillo Aguinamar bolsa 105 g,https://www.dia.es/pescados-mariscos-y-ahumados/ahumados-salazones-y-preparados/p/105460,https://www.dia.es/product_images/105460/105460_ISO_0_ES.jpg?imwidth=392,"3,19 €",Grasas 20g de las cuales saturadas 2.9g Hidratos de Carbono 0g de los cuales azúcares 0g Proteínas 12g Sal 1.5g,No disponible,"(30,38 €/KILO)"
Bacalao ahumado Nuchar bandeja 80 g,https://www.dia.es/pescados-mariscos-y-ahumados/ahumados-salazones-y-preparados/p/279915,https://www.dia.es/product_images/279915/279915_ISO_0_ES.jpg?imwidth=392,"3,69 €",No disponible,No disponible,"(46,13 €/KILO)"
Salmón ahumado marinado Nuchar sobre 80 g,https://www.dia.es/pescados-mariscos-y-ahumados/ahumados-salazones-y-preparados/p/296676,https://www.dia.es/product_images/296676/296676_ISO_0_ES.jpg?imwidth=392,"3,99 €",No disponible,No disponible,"(49,88 €/KILO)"
Bacalao desmigado salado MSC Mari Marinera de Dia bandeja 250 g,https://www.dia.es/pescados-mariscos-y-ahumados/ahumados-salazones-y-preparados/p/264553,https://www.dia.es/product_images/264553/264553_ISO_0_ES.jpg?imwidth=392,"4,99 €",Grasas 1g de las cuales saturadas 0.1g Hidratos de Carbono 0g de los cuales azúcares 0g Proteínas 11.3g Sal 1.5g,No disponible,"(19,96 €/KILO)"
Filetón de bacalao salado MSC Selección Mundial de Dia bolsa 700 g,https://www.dia.es/pescados-mariscos-y-ahumados/ahumados-salazones-y-preparados/p/264554,https://www.dia.es/product_images/264554/264554_ISO_0_ES.jpg?imwidth=392,"11,99 €",Grasas 1g de las cuales saturadas 0.1g Hidratos de Carbono 0g de los cuales azúcares 0g Proteínas 11.3g Sal 1.5g,No disponible,"(17,13 €/KILO)"
Palitos de surimi refrigeradas MSC Mari Marinera de Dia bolsa 300 g,https://www.dia.es/pescados-mariscos-y-ahumados/sucedaneo-de-angulas-y-surimi/p/62403,https://www.dia.es/product_images/62403/62403_ISO_0_ES.jpg?imwidth=392,"1,89 €",Grasas 3.6g de las cuales saturadas 0.5g Hidratos de Carbono 8.5g de los cuales azúcares 3g Proteínas 8.5g Sal 1.8g,No disponible,"(6,30 €/KILO)"
Sucedáneo de angula refrigerado MSC Mari Marinera de Dia bandeja 200 g,https://www.dia.es/pescados-mariscos-y-ahumados/sucedaneo-de-angulas-y-surimi/p/264682,https://www.dia.es/product_images/264682/264682_ISO_0_ES.jpg?imwidth=392,"2,79 €",Grasas 11g de las cuales saturadas 1.5g Hidratos de Carbono 8.2g de los cuales azúcares 1.6g Proteínas 8.9g Sal 2.3g,No disponible,"(13,95 €/KILO)"
Sucedáneo de angula con gambas refrigerado Mari Marinera de Dia bandeja 200 g,https://www.dia.es/pescados-mariscos-y-ahumados/sucedaneo-de-angulas-y-surimi/p/287250,https://www.dia.es/product_images/287250/287250_ISO_0_ES.jpg?imwidth=392,"2,89 €",Grasas 21g de las cuales saturadas 2.4g Hidratos de Carbono 5.4g de los cuales azúcares 1.1g Proteínas 7.7g Sal 1.9g,No disponible,"(14,45 €/KILO)"
Palitos de surimi Krissia bolsa 180 g,https://www.dia.es/pescados-mariscos-y-ahumados/sucedaneo-de-angulas-y-surimi/p/35499,https://www.dia.es/product_images/35499/35499_ISO_0_ES.jpg?imwidth=392,"2,99 €",Grasas 2.1g de las cuales saturadas 0.3g Hidratos de Carbono 9.4g de los cuales azúcares 2.1g Proteínas 9.2g Sal 1.8g,No disponible,"(16,61 €/KILO)"
La Gula del Norte refrigerada La Gula del Norte bandeja 180 g,https://www.dia.es/pescados-mariscos-y-ahumados/sucedaneo-de-angulas-y-surimi/p/107047,https://www.dia.es/product_images/107047/107047_ISO_0_ES.jpg?imwidth=392,"5,99 €",Grasas 10g de las cuales saturadas 1g Hidratos de Carbono 8.2g de los cuales azúcares 1.8g Proteínas 9.2g Sal 2.2g,No disponible,"(33,28 €/KILO)"
Cebolla malla 750 g,https://www.dia.es/verduras/ajos-cebollas-y-puerros/p/191535,https://www.dia.es/product_images/191535/191535_ISO_0_ES.jpg?imwidth=392,"1,29 €",No disponible,No disponible,"(1,72 €/KILO)"
Ajos malla 250 g,https://www.dia.es/verduras/ajos-cebollas-y-puerros/p/17653,https://www.dia.es/product_images/17653/17653_ISO_0_ES.jpg?imwidth=392,"1,69 €",No disponible,No disponible,"(6,76 €/KILO)"
Cebolla malla 1.5 Kg,https://www.dia.es/verduras/ajos-cebollas-y-puerros/p/193474,https://www.dia.es/product_images/193474/193474_ISO_0_ES.jpg?imwidth=392,"1,99 €",No disponible,No disponible,"(1,33 €/KILO)"
Puerros bandeja 500 g,https://www.dia.es/verduras/ajos-cebollas-y-puerros/p/17230,https://www.dia.es/product_images/17230/17230_ISO_0_ES.jpg?imwidth=392,"2,29 €",No disponible,No disponible,"(4,58 €/KILO)"
Cebolla tierna 1 unidad,https://www.dia.es/verduras/ajos-cebollas-y-puerros/p/302678,https://www.dia.es/product_images/302678/302678_ISO_0_ES.jpg?imwidth=392,"0,59 €",No disponible,No disponible,"(0,59 €/UNIDAD)"
Cebolla morada malla 500 g,https://www.dia.es/verduras/ajos-cebollas-y-puerros/p/57885,https://www.dia.es/product_images/57885/57885_ISO_0_ES.jpg?imwidth=392,"1,49 €",No disponible,No disponible,"(2,98 €/KILO)"
Puerro 1 unidad,https://www.dia.es/verduras/ajos-cebollas-y-puerros/p/273369,https://www.dia.es/product_images/273369/273369_ISO_0_ES.jpg?imwidth=392,"0,99 €",No disponible,No disponible,"(4,95 €/KILO)"
Ajo unidad aprox. 60 g,https://www.dia.es/verduras/ajos-cebollas-y-puerros/p/20280,https://www.dia.es/product_images/20280/20280_ISO_0_ES.jpg?imwidth=392,"0,59 €",No disponible,No disponible,"(9,83 €/KILO)"
Cebolla dulce granel 1 Kg aprox.,https://www.dia.es/verduras/ajos-cebollas-y-puerros/p/45862,https://www.dia.es/product_images/45862/45862_ISO_0_ES.jpg?imwidth=392,"2,49 €",No disponible,No disponible,"(2,49 €/KILO)"
Cebolla dulce malla 1 Kg,https://www.dia.es/verduras/ajos-cebollas-y-puerros/p/132920,https://www.dia.es/product_images/132920/132920_ISO_0_ES.jpg?imwidth=392,"1,99 €",No disponible,No disponible,"(1,99 €/KILO)"
Ajo bio malla 200 g,https://www.dia.es/verduras/ajos-cebollas-y-puerros/p/232043,https://www.dia.es/product_images/232043/232043_ISO_0_ES.jpg?imwidth=392,"1,59 €",No disponible,No disponible,"(7,95 €/KILO)"
Pimiento verde granel 500 g aprox.,https://www.dia.es/verduras/tomates-pimientos-y-pepinos/p/116,https://www.dia.es/product_images/116/116_ISO_0_ES.jpg?imwidth=392,"1,25 €",No disponible,No disponible,"(2,49 €/KILO)"
Tomate canario malla 750 g,https://www.dia.es/verduras/tomates-pimientos-y-pepinos/p/272686,https://www.dia.es/product_images/272686/272686_ISO_0_ES.jpg?imwidth=392,"1,79 €",No disponible,No disponible,"(2,39 €/KILO)"
Tomate ensalada granel 1 Kg aprox.,https://www.dia.es/verduras/tomates-pimientos-y-pepinos/p/110,https://www.dia.es/product_images/110/110_ISO_0_ES.jpg?imwidth=392,"2,39 €",No disponible,No disponible,"(2,39 €/KILO)"
Tomate cherry pera bandeja 250 g,https://www.dia.es/verduras/tomates-pimientos-y-pepinos/p/161628,https://www.dia.es/product_images/161628/161628_ISO_0_ES.jpg?imwidth=392,"1,29 €",No disponible,No disponible,"(5,16 €/KILO)"
Pimientos tricolor bolsa 500 g,https://www.dia.es/verduras/tomates-pimientos-y-pepinos/p/102283,https://www.dia.es/product_images/102283/102283_ISO_0_ES.jpg?imwidth=392,"1,89 €",No disponible,No disponible,"(3,78 €/KILO)"
Pimiento rojo unidad 390 g aprox.,https://www.dia.es/verduras/tomates-pimientos-y-pepinos/p/74,https://www.dia.es/product_images/74/74_ISO_0_ES.jpg?imwidth=392,"1,17 €",No disponible,No disponible,"(2,99 €/KILO)"
Pepino granel 1 Kg aprox.,https://www.dia.es/verduras/tomates-pimientos-y-pepinos/p/272355,https://www.dia.es/product_images/272355/272355_ISO_0_ES.jpg?imwidth=392,"1,99 €",No disponible,No disponible,"(1,99 €/KILO)"
Tomate pera granel 900 g aprox.,https://www.dia.es/verduras/tomates-pimientos-y-pepinos/p/45863,https://www.dia.es/product_images/45863/45863_ISO_0_ES.jpg?imwidth=392,"2,24 €",No disponible,No disponible,"(2,49 €/KILO)"
Tomate cherry bandeja 400 g,https://www.dia.es/verduras/tomates-pimientos-y-pepinos/p/146690,https://www.dia.es/product_images/146690/146690_ISO_0_ES.jpg?imwidth=392,"1,79 €",No disponible,No disponible,"(4,48 €/KILO)"
Tomate en rama granel 1 Kg aprox.,https://www.dia.es/verduras/tomates-pimientos-y-pepinos/p/109,https://www.dia.es/product_images/109/109_ISO_0_ES.jpg?imwidth=392,"2,79 €",No disponible,No disponible,"(2,79 €/KILO)"
Pepino holandés 1 unidad,https://www.dia.es/verduras/tomates-pimientos-y-pepinos/p/1015,https://www.dia.es/product_images/1015/1015_ISO_0_ES.jpg?imwidth=392,"0,89 €",No disponible,No disponible,"(2,74 €/KILO)"
Pimiento semipicante bolsa 200 g,https://www.dia.es/verduras/tomates-pimientos-y-pepinos/p/16549,https://www.dia.es/product_images/16549/16549_ISO_0_ES.jpg?imwidth=392,"1,29 €",No disponible,No disponible,"(6,45 €/KILO)"
Tomate Murice bandeja 400 g,https://www.dia.es/verduras/tomates-pimientos-y-pepinos/p/301318,https://www.dia.es/product_images/301318/301318_ISO_0_ES.jpg?imwidth=392,"2,29 €",No disponible,No disponible,"(5,73 €/KILO)"
Tomate cherry pera lobello bandeja 200 g,https://www.dia.es/verduras/tomates-pimientos-y-pepinos/p/277976,https://www.dia.es/product_images/277976/277976_ISO_0_ES.jpg?imwidth=392,"1,99 €",No disponible,No disponible,"(9,95 €/KILO)"
Tomate bárbaro bolsa 900 g aprox.,https://www.dia.es/verduras/tomates-pimientos-y-pepinos/p/301910,https://www.dia.es/product_images/301910/301910_ISO_0_ES.jpg?imwidth=392,"2,69 €",No disponible,No disponible,"(2,99 €/KILO)"
Tomate bio bandeja 500 g,https://www.dia.es/verduras/tomates-pimientos-y-pepinos/p/193372,https://www.dia.es/product_images/193372/193372_ISO_0_ES.jpg?imwidth=392,"1,99 €",No disponible,No disponible,"(3,98 €/KILO)"
Pimiento Sweet Palermo bolsa 250 g,https://www.dia.es/verduras/tomates-pimientos-y-pepinos/p/285848,https://www.dia.es/product_images/285848/285848_ISO_0_ES.jpg?imwidth=392,"1,99 €",No disponible,No disponible,"(7,96 €/KILO)"
Tomate chocmato bandeja 400 g,https://www.dia.es/verduras/tomates-pimientos-y-pepinos/p/190883,https://www.dia.es/product_images/190883/190883_ISO_0_ES.jpg?imwidth=392,"2,29 €",No disponible,No disponible,"(5,73 €/KILO)"
Tomate maravilla bolsa 600 g aprox.,https://www.dia.es/verduras/tomates-pimientos-y-pepinos/p/190752,https://www.dia.es/product_images/190752/190752_ISO_0_ES.jpg?imwidth=392,"2,39 €",No disponible,No disponible,"(3,99 €/KILO)"
Calabacín unidad aprox. 475 g,https://www.dia.es/verduras/calabacin-calabaza-y-berenjena/p/93,https://www.dia.es/product_images/93/93_ISO_0_ES.jpg?imwidth=392,"1,09 €",No disponible,No disponible,"(2,29 €/KILO)"
Berenjena granel 800 g aprox.,https://www.dia.es/verduras/calabacin-calabaza-y-berenjena/p/42071,https://www.dia.es/product_images/42071/42071_ISO_0_ES.jpg?imwidth=392,"1,59 €",No disponible,No disponible,"(1,99 €/KILO)"
Calabaza a dados bolsa 500 g,https://www.dia.es/verduras/calabacin-calabaza-y-berenjena/p/278899,https://www.dia.es/product_images/278899/278899_ISO_0_ES.jpg?imwidth=392,"1,99 €",No disponible,No disponible,"(3,98 €/KILO)"
Calabaza unidad aprox. 1.6 Kg,https://www.dia.es/verduras/calabacin-calabaza-y-berenjena/p/75926,https://www.dia.es/product_images/75926/75926_ISO_0_ES.jpg?imwidth=392,"3,18 €",No disponible,No disponible,"(1,99 €/KILO)"
Brócoli bolsa 500 g,https://www.dia.es/verduras/judias-brocolis-y-coliflores/p/20002,https://www.dia.es/product_images/20002/20002_ISO_0_ES.jpg?imwidth=392,"1,49 €",No disponible,No disponible,"(2,98 €/KILO)"
Judía verde bolsa 500 g,https://www.dia.es/verduras/judias-brocolis-y-coliflores/p/11416,https://www.dia.es/product_images/11416/11416_ISO_0_ES.jpg?imwidth=392,"2,29 €",No disponible,No disponible,"(4,58 €/KILO)"
Coliflor unidad aprox. 2 Kg aprox.,https://www.dia.es/verduras/judias-brocolis-y-coliflores/p/278856,https://www.dia.es/product_images/278856/278856_ISO_0_ES.jpg?imwidth=392,"3,98 €",No disponible,No disponible,"(1,99 €/KILO)"
Repollo liso unidad aprox. 2 Kg aprox.,https://www.dia.es/verduras/judias-brocolis-y-coliflores/p/50664,https://www.dia.es/product_images/50664/50664_ISO_0_ES.jpg?imwidth=392,"2,38 €",No disponible,No disponible,"(1,19 €/KILO)"
Repollo rizado unidad aprox. 1 Kg,https://www.dia.es/verduras/judias-brocolis-y-coliflores/p/42075,https://www.dia.es/product_images/42075/42075_ISO_0_ES.jpg?imwidth=392,"1,49 €",No disponible,No disponible,"(1,49 €/KILO)"
Lechuga iceberg 1 unidad,https://www.dia.es/verduras/lechuga-escarolas-y-endivias/p/11462,https://www.dia.es/product_images/11462/11462_ISO_0_ES.jpg?imwidth=392,"0,79 €",No disponible,No disponible,"(0,79 €/UNIDAD)"
Cogollos bandeja 3 unidades,https://www.dia.es/verduras/lechuga-escarolas-y-endivias/p/11461,https://www.dia.es/product_images/11461/11461_ISO_0_ES.jpg?imwidth=392,"1,29 €",No disponible,No disponible,"(0,43 €/UNIDAD)"
Corazones de cogollos bandeja 6 unidades,https://www.dia.es/verduras/lechuga-escarolas-y-endivias/p/25904,https://www.dia.es/product_images/25904/25904_ISO_0_ES.jpg?imwidth=392,"1,99 €",No disponible,No disponible,"(0,33 €/UNIDAD)"
Corazón de lechuga romana bandeja 1 unidad,https://www.dia.es/verduras/lechuga-escarolas-y-endivias/p/50077,https://www.dia.es/product_images/50077/50077_ISO_0_ES.jpg?imwidth=392,"0,99 €",No disponible,No disponible,"(0,99 €/UNIDAD)"
Zanahoria bolsa 1 Kg,https://www.dia.es/verduras/patatas-y-zanahorias/p/11421,https://www.dia.es/product_images/11421/11421_ISO_0_ES.jpg?imwidth=392,"0,89 €",No disponible,No disponible,"(0,89 €/KILO)"
Patata malla 4 Kg,https://www.dia.es/verduras/patatas-y-zanahorias/p/296356,https://www.dia.es/product_images/296356/296356_ISO_0_ES.jpg?imwidth=392,"4,49 €",No disponible,No disponible,"(1,12 €/KILO)"
Patatas granel 1 Kg aprox.,https://www.dia.es/verduras/patatas-y-zanahorias/p/5631,https://www.dia.es/product_images/5631/5631_ISO_0_ES.jpg?imwidth=392,"1,99 €",No disponible,No disponible,"(1,99 €/KILO)"
Patata de guarnición malla 1 Kg,https://www.dia.es/verduras/patatas-y-zanahorias/p/20298,https://www.dia.es/product_images/20298/20298_ISO_0_ES.jpg?imwidth=392,"1,99 €",No disponible,No disponible,"(1,99 €/KILO)"
Patata especial para freir malla 2 Kg,https://www.dia.es/verduras/patatas-y-zanahorias/p/248458,https://www.dia.es/product_images/248458/248458_ISO_0_ES.jpg?imwidth=392,"3,89 €",No disponible,No disponible,"(1,95 €/KILO)"
Patata cocer malla 2 Kg,https://www.dia.es/verduras/patatas-y-zanahorias/p/296355,https://www.dia.es/product_images/296355/296355_ISO_0_ES.jpg?imwidth=392,"3,79 €",No disponible,No disponible,"(1,90 €/KILO)"
Patata de Madrid malla 2 Kg,https://www.dia.es/verduras/patatas-y-zanahorias/p/14986,https://www.dia.es/product_images/14986/14986_ISO_0_ES.jpg?imwidth=392,"3,69 €",No disponible,No disponible,"(1,85 €/KILO)"
Patata roja malla 1.5 kg,https://www.dia.es/verduras/patatas-y-zanahorias/p/54075,https://www.dia.es/product_images/54075/54075_ISO_0_ES.jpg?imwidth=392,"2,49 €",No disponible,No disponible,"(1,66 €/KILO)"
Cachelos bolsa 3 Kg,https://www.dia.es/verduras/patatas-y-zanahorias/p/105318,https://www.dia.es/product_images/105318/105318_ISO_0_ES.jpg?imwidth=392,"4,49 €",No disponible,No disponible,"(1,50 €/KILO)"
Champiñón entero bandeja 250 g,https://www.dia.es/verduras/setas-y-champinones/p/271527,https://www.dia.es/product_images/271527/271527_ISO_0_ES.jpg?imwidth=392,"1,29 €",No disponible,No disponible,"(5,16 €/KILO)"
Champiñón laminado bandeja 250 g,https://www.dia.es/verduras/setas-y-champinones/p/25857,https://www.dia.es/product_images/25857/25857_ISO_0_ES.jpg?imwidth=392,"1,69 €",No disponible,No disponible,"(6,76 €/KILO)"
Seta ostra bandeja 200 g,https://www.dia.es/verduras/setas-y-champinones/p/13337,https://www.dia.es/product_images/13337/13337_ISO_0_ES.jpg?imwidth=392,"1,49 €",No disponible,No disponible,"(7,45 €/KILO)"
Champiñón grande bandeja 430 g,https://www.dia.es/verduras/setas-y-champinones/p/273421,https://www.dia.es/product_images/273421/273421_ISO_0_ES.jpg?imwidth=392,"2,29 €",Grasas 0g de las cuales saturadas 0g Hidratos de Carbono 4g de los cuales azúcares 2g Fibra alimentaria 2.5g Proteínas 2g Ácido Fólico 23µg Sal 0g Calcio 9mg Hierro 1mg Potasio 470mg Magnesio 14mg Niacina 4.6µg Fósforo 115mg Riboflavinas 0.41mg Selenio 9mg Tiamina 0.1mg Zinc 0.1mg,No disponible,"(5,33 €/KILO)"
Champiñón portobello bandeja 250 g,https://www.dia.es/verduras/setas-y-champinones/p/190874,https://www.dia.es/product_images/190874/190874_ISO_0_ES.jpg?imwidth=392,"1,69 €",Grasas 0g de las cuales saturadas 0g Hidratos de Carbono 4g de los cuales azúcares 2g Fibra alimentaria 2.5g Proteínas 2g Ácido Fólico 23µg Sal 0g Calcio 9mg Hierro 1mg Potasio 470mg Magnesio 14mg Niacina 4.6µg Fósforo 115mg Riboflavinas 0.41mg Selenio 9mg Tiamina 0.1mg Zinc 0.1mg,No disponible,"(6,76 €/KILO)"
Espinacas Vegecampo de Dia bolsa 300 g,https://www.dia.es/verduras/verduras-y-ensaladas-preparadas/p/105301,https://www.dia.es/product_images/105301/105301_ISO_0_ES.jpg?imwidth=392,"1,32 €",Grasas 0.7g de las cuales saturadas 0.2g Hidratos de Carbono 1.9g de los cuales azúcares 0.5g Proteínas 2.7g Sal 0.23g,No disponible,"(4,40 €/KILO)"
Surtido vegetal bandeja 1 Kg aprox.,https://www.dia.es/verduras/verduras-y-ensaladas-preparadas/p/163571,https://www.dia.es/product_images/163571/163571_ISO_0_ES.jpg?imwidth=392,"1,99 €",No disponible,No disponible,"(1,99 €/KILO)"
Dúo canónigos y rúcula Vegecampo de Dia bolsa 100 g,https://www.dia.es/verduras/verduras-y-ensaladas-preparadas/p/272831,https://www.dia.es/product_images/272831/272831_ISO_0_ES.jpg?imwidth=392,"1,42 €",Grasas 0.3g de las cuales saturadas 0g Hidratos de Carbono 2.3g de los cuales azúcares 0.4g Proteínas 2.9g Sal 0.07g,No disponible,"(14,20 €/KILO)"
Ensalada 4 estaciones Vegecampo de Dia bolsa 250 g,https://www.dia.es/verduras/verduras-y-ensaladas-preparadas/p/105299,https://www.dia.es/product_images/105299/105299_ISO_0_ES.jpg?imwidth=392,"0,81 €",Grasas 0.4g de las cuales saturadas 0.1g Hidratos de Carbono 2.1g de los cuales azúcares 1.4g Proteínas 0.8g Sal 0.05g,No disponible,"(3,24 €/KILO)"
Lechuga iceberg lavada Vegecampo de Dia bolsa 250 g,https://www.dia.es/verduras/verduras-y-ensaladas-preparadas/p/272828,https://www.dia.es/product_images/272828/272828_ISO_0_ES.jpg?imwidth=392,"0,91 €",Grasas 0.1g de las cuales saturadas 0g Hidratos de Carbono 2.2g de los cuales azúcares 1.5g Proteínas 0.9g Sal 0.02g,No disponible,"(3,64 €/KILO)"
Maíz dulce cocido al vacío bolsa 400 g,https://www.dia.es/verduras/verduras-y-ensaladas-preparadas/p/19403,https://www.dia.es/product_images/19403/19403_ISO_0_ES.jpg?imwidth=392,"1,49 €",No disponible,No disponible,"(3,73 €/KILO)"
Ensalada gourmet Vegecampo de Dia bolsa 175 g,https://www.dia.es/verduras/verduras-y-ensaladas-preparadas/p/105300,https://www.dia.es/product_images/105300/105300_ISO_0_ES.jpg?imwidth=392,"1,11 €",Grasas 0.5g de las cuales saturadas 0.1g Hidratos de Carbono 1g de los cuales azúcares 0.8g Proteínas 1g Sal 0.8g,No disponible,"(6,34 €/KILO)"
Verduras para microondas 3 ingredientes Vegecampo de Dia bolsa 300 g,https://www.dia.es/verduras/verduras-y-ensaladas-preparadas/p/272833,https://www.dia.es/product_images/272833/272833_ISO_0_ES.jpg?imwidth=392,"1,72 €",Grasas 0.3g de las cuales saturadas 0.1g Hidratos de Carbono 6.9g de los cuales azúcares 2.6g Proteínas 2g Sal 0.11g,No disponible,"(5,73 €/KILO)"
Canónigos Vegecampo de Dia bolsa 100 g,https://www.dia.es/verduras/verduras-y-ensaladas-preparadas/p/105782,https://www.dia.es/product_images/105782/105782_ISO_0_ES.jpg?imwidth=392,"1,21 €",Grasas 0.5g de las cuales saturadas 0.1g Hidratos de Carbono 1.8g de los cuales azúcares 0.2g Proteínas 2.2g Sal 0.01g,No disponible,"(12,10 €/KILO)"
Ensalada César Al Punto Dia bandeja 210 g,https://www.dia.es/verduras/verduras-y-ensaladas-preparadas/p/272834,https://www.dia.es/product_images/272834/272834_ISO_0_ES.jpg?imwidth=392,"2,79 €",Grasas 12g de las cuales saturadas 3.2g Hidratos de Carbono 8g de los cuales azúcares 2g Proteínas 7.8g Sal 1.2g,No disponible,"(13,29 €/KILO)"
Brotes de espinaca baby Vegecampo de Dia bolsa 100 g,https://www.dia.es/verduras/verduras-y-ensaladas-preparadas/p/272830,https://www.dia.es/product_images/272830/272830_ISO_0_ES.jpg?imwidth=392,"1,21 €",Grasas 0.5g de las cuales saturadas 0.1g Hidratos de Carbono 0.8g de los cuales azúcares 0.3g Proteínas 1.8g Sal 0.15g,No disponible,"(12,10 €/KILO)"
Rúcula Vegecampo de Dia bolsa 50 g,https://www.dia.es/verduras/verduras-y-ensaladas-preparadas/p/212745,https://www.dia.es/product_images/212745/212745_ISO_0_ES.jpg?imwidth=392,"0,81 €",Grasas 0.6g de las cuales saturadas 0.1g Hidratos de Carbono 1.7g de los cuales azúcares 0.3g Proteínas 3.3g Sal 0.16g,No disponible,"(16,20 €/KILO)"
Tomate rallado natural Bonnysa tarrina 200 g,https://www.dia.es/verduras/verduras-y-ensaladas-preparadas/p/278353,https://www.dia.es/product_images/278353/278353_ISO_0_ES.jpg?imwidth=392,"1,37 €",Grasas 0.5g de las cuales saturadas 0.1g Hidratos de Carbono 3.6g de los cuales azúcares 0.8g Fibra alimentaria 0.9g Proteínas 0.5g Sal 0.08g,No disponible,"(6,85 €/KILO)"
Ensalada selección de brotes Vegecampo de Dia bolsa 100 g,https://www.dia.es/verduras/verduras-y-ensaladas-preparadas/p/174055,https://www.dia.es/product_images/174055/174055_ISO_0_ES.jpg?imwidth=392,"1,21 €",Grasas 0.4g de las cuales saturadas 0.1g Hidratos de Carbono 0.6g de los cuales azúcares 0.3g Proteínas 2.1g Sal 0.07g,No disponible,"(12,10 €/KILO)"
Ensalada variada Vegecampo de Dia bolsa 200 g,https://www.dia.es/verduras/verduras-y-ensaladas-preparadas/p/105302,https://www.dia.es/product_images/105302/105302_ISO_0_ES.jpg?imwidth=392,"1,01 €",Grasas 0.5g de las cuales saturadas 0.1g Hidratos de Carbono 0.8g de los cuales azúcares 0.8g Proteínas 1.6g Sal 0.01g,No disponible,"(5,05 €/KILO)"
Remolacha cocida al vacío bandeja 500 g,https://www.dia.es/verduras/verduras-y-ensaladas-preparadas/p/17962,https://www.dia.es/product_images/17962/17962_ISO_0_ES.jpg?imwidth=392,"0,99 €",No disponible,No disponible,"(1,98 €/KILO)"
Pimientos asados a la leña bandeja 350 g,https://www.dia.es/verduras/verduras-y-ensaladas-preparadas/p/40250,https://www.dia.es/product_images/40250/40250_ISO_0_ES.jpg?imwidth=392,"2,69 €",Grasas 0.6g Hidratos de Carbono 6g de los cuales azúcares 5.8g Proteínas 1.2g Sal 0.4g,No disponible,"(7,69 €/KILO)"
Ensalada wrap texas Al Punto Dia bandeja 300 g,https://www.dia.es/verduras/verduras-y-ensaladas-preparadas/p/295570,https://www.dia.es/product_images/295570/295570_ISO_0_ES.jpg?imwidth=392,"2,99 €",Grasas 9.7g de las cuales saturadas 2.8g Hidratos de Carbono 16g de los cuales azúcares 2.7g Proteínas 9.4g Sal 1.3g,No disponible,"(9,97 €/KILO)"
"Ensalada de pasta, huevo y atún Al Punto Dia tarrina 250 g",https://www.dia.es/verduras/verduras-y-ensaladas-preparadas/p/272835,https://www.dia.es/product_images/272835/272835_ISO_0_ES.jpg?imwidth=392,"2,79 €",Grasas 6.7g de las cuales saturadas 1.1g Hidratos de Carbono 15g de los cuales azúcares 2.6g Proteínas 7.9g Sal 0.69g,No disponible,"(11,16 €/KILO)"
Brócoli al vapor micro Florette bolsa 225 g,https://www.dia.es/verduras/verduras-y-ensaladas-preparadas/p/303338,https://www.dia.es/product_images/303338/303338_ISO_0_ES.jpg?imwidth=392,"1,72 €",Grasas 0.4g de las cuales saturadas 0g Hidratos de Carbono 4g de los cuales azúcares 1.7g Proteínas 2.8g Ácido Fólico 63µg Sal 0.08g,No disponible,"(7,64 €/KILO)"
Ensalada tex-mex Freshkia bandeja 200 g,https://www.dia.es/verduras/verduras-y-ensaladas-preparadas/p/303488,https://www.dia.es/product_images/303488/303488_ISO_0_ES.jpg?imwidth=392,"2,89 €",Grasas 13g de las cuales saturadas 2.9g Hidratos de Carbono 8.8g de los cuales azúcares 2.4g Proteínas 7.4g Sal 0.97g,No disponible,"(14,45 €/KILO)"
Tomate rallado natural La gergaleña tarrina 200 g,https://www.dia.es/verduras/verduras-y-ensaladas-preparadas/p/278354,https://www.dia.es/product_images/278354/278354_ISO_0_ES.jpg?imwidth=392,"1,39 €",Grasas 6g de las cuales saturadas 1g Hidratos de Carbono 2g de los cuales azúcares 2g Fibra alimentaria 1g Proteínas 0g Sal 0g,No disponible,"(6,95 €/KILO)"
Ensalada brooklyn con bacon Al Punto Dia bandeja 200 g,https://www.dia.es/verduras/verduras-y-ensaladas-preparadas/p/272836,https://www.dia.es/product_images/272836/272836_ISO_0_ES.jpg?imwidth=392,"2,79 €",Grasas 0.5g de las cuales saturadas 0.2g Hidratos de Carbono 2.1g de los cuales azúcares 0.3g Proteínas 2.9g Sal 0.22g,No disponible,"(13,95 €/KILO)"
Preparado para puré bandeja 750 g,https://www.dia.es/verduras/verduras-y-ensaladas-preparadas/p/257820,https://www.dia.es/product_images/257820/257820_ISO_0_ES.jpg?imwidth=392,"2,50 €",No disponible,No disponible,"(3,33 €/KILO)"
Brotes de batavia verde y roja DiqueSí bolsa 100 g,https://www.dia.es/verduras/verduras-y-ensaladas-preparadas/p/251458,https://www.dia.es/product_images/251458/251458_ISO_0_ES.jpg?imwidth=392,"1,17 €",No disponible,No disponible,"(11,70 €/KILO)"
Ensalada mezclum Vegecampo de Dia bolsa 150 g,https://www.dia.es/verduras/verduras-y-ensaladas-preparadas/p/224474,https://www.dia.es/product_images/224474/224474_ISO_0_ES.jpg?imwidth=392,"1,11 €",Grasas 0g de las cuales saturadas 0g Hidratos de Carbono 0.9g de los cuales azúcares 0.9g Proteínas 1.2g Sal 0.11g,No disponible,"(7,40 €/KILO)"
Ensalada huerta Al Punto Dia bandeja 400 g,https://www.dia.es/verduras/verduras-y-ensaladas-preparadas/p/165759,https://www.dia.es/product_images/165759/165759_ISO_0_ES.jpg?imwidth=392,"2,34 €",Grasas 0.3g de las cuales saturadas 0.1g Hidratos de Carbono 1.8g de los cuales azúcares 1g Proteínas 1.9g Sal 0.1g,No disponible,"(5,85 €/KILO)"
Ensalada antiox Florette bolsa 100 g,https://www.dia.es/verduras/verduras-y-ensaladas-preparadas/p/159445,https://www.dia.es/product_images/159445/159445_ISO_0_ES.jpg?imwidth=392,"1,52 €",Grasas 0.3g de las cuales saturadas 0.1g Hidratos de Carbono 0.5g de los cuales azúcares 0.1g Proteínas 2.4g Ácido Fólico 73.2µg Sal 0.27g,No disponible,"(15,20 €/KILO)"
Pimientos rojos y verdes asados Huerta Camporico bandeja 350 g,https://www.dia.es/verduras/verduras-y-ensaladas-preparadas/p/131988,https://www.dia.es/product_images/131988/131988_ISO_0_ES.jpg?imwidth=392,"2,69 €",Grasas 0.6g Hidratos de Carbono 6g de los cuales azúcares 5.8g Proteínas 1.2g Sal 0.4g,No disponible,"(7,69 €/KILO)"
Apio bolsa 500 g,https://www.dia.es/verduras/otras-verduras/p/21242,https://www.dia.es/product_images/21242/21242_ISO_0_ES.jpg?imwidth=392,"0,99 €",No disponible,No disponible,"(1,98 €/KILO)"
Espárrago verde fino manojo aprox. 250 g,https://www.dia.es/verduras/otras-verduras/p/181571,https://www.dia.es/product_images/181571/181571_ISO_0_ES.jpg?imwidth=392,"2,79 €",No disponible,No disponible,"(11,16 €/KILO)"
Perejil manojo 50 g,https://www.dia.es/verduras/otras-verduras/p/191539,https://www.dia.es/product_images/191539/191539_ISO_0_ES.jpg?imwidth=392,"0,99 €",No disponible,No disponible,"(19,80 €/KILO)"
Cilantro bandeja 20 g,https://www.dia.es/verduras/otras-verduras/p/233088,https://www.dia.es/product_images/233088/233088_ISO_0_ES.jpg?imwidth=392,"1,19 €",No disponible,No disponible,"(59,50 €/KILO)"
Espárrago verde grueso manojo aprox. 250 g,https://www.dia.es/verduras/otras-verduras/p/165430,https://www.dia.es/product_images/165430/165430_ISO_0_ES.jpg?imwidth=392,"2,99 €",No disponible,No disponible,"(11,96 €/KILO)"
Yuca unidad aprox. 1 Kg,https://www.dia.es/verduras/otras-verduras/p/190386,https://www.dia.es/product_images/190386/190386_ISO_0_ES.jpg?imwidth=392,"2,69 €",No disponible,No disponible,"(2,69 €/KILO)"
Jenjibre bio bandeja 100 g,https://www.dia.es/verduras/otras-verduras/p/304779,https://www.dia.es/product_images/304779/304779_ISO_0_ES.jpg?imwidth=392,"0,99 €",No disponible,No disponible,"(9,90 €/KILO)"
Rabanito Sun&Vegs bolsa 250 g,https://www.dia.es/verduras/otras-verduras/p/284862,https://www.dia.es/product_images/284862/284862_ISO_0_ES.jpg?imwidth=392,"0,99 €",No disponible,No disponible,"(3,96 €/KILO)"
Hierbabuena Sun&Vegs bolsa 70 g,https://www.dia.es/verduras/otras-verduras/p/275734,https://www.dia.es/product_images/275734/275734_ISO_0_ES.jpg?imwidth=392,"1,19 €",No disponible,No disponible,"(17,00 €/KILO)"
Caqui granel 400 g aprox.,https://www.dia.es/frutas/frutas-de-temporada/p/94,https://www.dia.es/product_images/94/94_ISO_0_ES.jpg?imwidth=392,"1,16 €",No disponible,No disponible,"(2,89 €/KILO)"
Ciruela roja granel 500 g aprox.,https://www.dia.es/frutas/frutas-de-temporada/p/26712,https://www.dia.es/product_images/26712/26712_ISO_0_ES.jpg?imwidth=392,"1,90 €",No disponible,No disponible,"(3,79 €/KILO)"
Granada unidad aprox. 500 g,https://www.dia.es/frutas/frutas-de-temporada/p/83,https://www.dia.es/product_images/83/83_ISO_0_ES.jpg?imwidth=392,"1,50 €",No disponible,No disponible,"(2,99 €/KILO)"
Chirimoya unidad aprox. 300g aprox.,https://www.dia.es/frutas/frutas-de-temporada/p/87,https://www.dia.es/product_images/87/87_ISO_0_ES.jpg?imwidth=392,"0,90 €",No disponible,No disponible,"(2,99 €/KILO)"
Fresa bandeja 400 g,https://www.dia.es/frutas/frutas-de-temporada/p/284260,https://www.dia.es/product_images/284260/284260_ISO_0_ES.jpg?imwidth=392,"3,69 €",No disponible,No disponible,"(9,23 €/KILO)"
Caqui bandeja 1 Kg,https://www.dia.es/frutas/frutas-de-temporada/p/229423,https://www.dia.es/product_images/229423/229423_ISO_0_ES.jpg?imwidth=392,"2,55 €",No disponible,No disponible,"(2,55 €/KILO)"
Melón piel de sapo unidad aprox. 2.5 Kg,https://www.dia.es/frutas/frutas-de-temporada/p/28887,https://www.dia.es/product_images/28887/28887_ISO_0_ES.jpg?imwidth=392,"4,98 €",No disponible,No disponible,"(1,99 €/KILO)"
Medio melón piel de sapo unidad aprox. 1.25 Kg,https://www.dia.es/frutas/frutas-de-temporada/p/265125,https://www.dia.es/product_images/265125/265125_ISO_0_ES.jpg?imwidth=392,"2,86 €",No disponible,No disponible,"(2,29 €/KILO)"
Medio melón bollo unidad aprox. 1.5 Kg,https://www.dia.es/frutas/frutas-de-temporada/p/283367,https://www.dia.es/product_images/283367/283367_ISO_0_ES.jpg?imwidth=392,"4,19 €",No disponible,No disponible,"(2,79 €/KILO)"
Melón bollo unidad aprox. 3 Kg,https://www.dia.es/frutas/frutas-de-temporada/p/283354,https://www.dia.es/product_images/283354/283354_ISO_0_ES.jpg?imwidth=392,"7,77 €",No disponible,No disponible,"(2,59 €/KILO)"
Media sandía selección unidad aprox. 2.5 Kg,https://www.dia.es/frutas/frutas-de-temporada/p/302210,https://www.dia.es/product_images/302210/302210_ISO_0_ES.jpg?imwidth=392,"4,30 €",No disponible,No disponible,"(1,72 €/KILO)"
Media sandía negra unidad aprox. 2.75 Kg,https://www.dia.es/frutas/frutas-de-temporada/p/265126,https://www.dia.es/product_images/265126/265126_ISO_0_ES.jpg?imwidth=392,"3,63 €",No disponible,No disponible,"(1,32 €/KILO)"
Media sandía rayada unidad aprox. 2.7 Kg,https://www.dia.es/frutas/frutas-de-temporada/p/265124,https://www.dia.es/product_images/265124/265124_ISO_0_ES.jpg?imwidth=392,"3,56 €",No disponible,No disponible,"(1,32 €/KILO)"
Manzana golden bolsa 1 Kg,https://www.dia.es/frutas/manzanas/p/171233,https://www.dia.es/product_images/171233/171233_ISO_0_ES.jpg?imwidth=392,"1,99 €",No disponible,No disponible,"(1,99 €/KILO)"
Manzana roja bolsa 1 Kg,https://www.dia.es/frutas/manzanas/p/11466,https://www.dia.es/product_images/11466/11466_ISO_0_ES.jpg?imwidth=392,"1,99 €",No disponible,No disponible,"(1,99 €/KILO)"
Manzana roja granel 800 g aprox.,https://www.dia.es/frutas/manzanas/p/65,https://www.dia.es/product_images/65/65_ISO_0_ES.jpg?imwidth=392,"1,75 €",No disponible,No disponible,"(2,19 €/KILO)"
Manzana golden granel 500 g aprox.,https://www.dia.es/frutas/manzanas/p/97,https://www.dia.es/product_images/97/97_ISO_0_ES.jpg?imwidth=392,"1,10 €",No disponible,No disponible,"(2,19 €/KILO)"
Manzana granny granel 800 g aprox.,https://www.dia.es/frutas/manzanas/p/42085,https://www.dia.es/product_images/42085/42085_ISO_0_ES.jpg?imwidth=392,"1,83 €",No disponible,No disponible,"(2,29 €/KILO)"
Manzana fuji bolsa 1 Kg,https://www.dia.es/frutas/manzanas/p/54268,https://www.dia.es/product_images/54268/54268_ISO_0_ES.jpg?imwidth=392,"2,29 €",No disponible,No disponible,"(2,29 €/KILO)"
Manzana reineta granel 1 Kg aprox.,https://www.dia.es/frutas/manzanas/p/91,https://www.dia.es/product_images/91/91_ISO_0_ES.jpg?imwidth=392,"2,79 €",No disponible,No disponible,"(2,79 €/KILO)"
Banana granel 900 g aprox.,https://www.dia.es/frutas/platanos/p/42070,https://www.dia.es/product_images/42070/42070_ISO_0_ES.jpg?imwidth=392,"1,34 €",No disponible,No disponible,"(1,49 €/KILO)"
Plátano de canarias bolsa 1.2 Kg aprox.,https://www.dia.es/frutas/platanos/p/11468,https://www.dia.es/product_images/11468/11468_ISO_0_ES.jpg?imwidth=392,"1,91 €",No disponible,No disponible,"(1,59 €/KILO)"
Plátano de Canarias El afortunado 900 g aprox.,https://www.dia.es/frutas/platanos/p/142776,https://www.dia.es/product_images/142776/142776_ISO_0_ES.jpg?imwidth=392,"2,69 €",No disponible,No disponible,"(2,99 €/KILO)"
Plátano bio bolsa 1 Kg aprox.,https://www.dia.es/frutas/platanos/p/170563,https://www.dia.es/product_images/170563/170563_ISO_0_ES.jpg?imwidth=392,"2,99 €",No disponible,No disponible,"(2,99 €/KILO)"
Plátano macho para freír granel 1 Kg aprox.,https://www.dia.es/frutas/platanos/p/53584,https://www.dia.es/product_images/53584/53584_ISO_0_ES.jpg?imwidth=392,"2,99 €",No disponible,No disponible,"(2,99 €/KILO)"
Banana bio bolsa 1 Kg aprox.,https://www.dia.es/frutas/platanos/p/276299,https://www.dia.es/product_images/276299/276299_ISO_0_ES.jpg?imwidth=392,"2,69 €",No disponible,No disponible,"(2,69 €/KILO)"
Pera conferencia bandeja 1 Kg,https://www.dia.es/frutas/peras/p/64505,https://www.dia.es/product_images/64505/64505_ISO_0_ES.jpg?imwidth=392,"2,19 €",No disponible,No disponible,"(2,19 €/KILO)"
Pera Rincón de Soto D.O.P. granel 500 g aprox.,https://www.dia.es/frutas/peras/p/32063,https://www.dia.es/product_images/32063/32063_ISO_0_ES.jpg?imwidth=392,"1,40 €",No disponible,No disponible,"(2,79 €/KILO)"
Pera ercolini bandeja 500 g,https://www.dia.es/frutas/peras/p/278651,https://www.dia.es/product_images/278651/278651_ISO_0_ES.jpg?imwidth=392,"1,49 €",No disponible,No disponible,"(2,98 €/KILO)"
Pera blanquilla bandeja 500 g,https://www.dia.es/frutas/peras/p/279376,https://www.dia.es/product_images/279376/279376_ISO_0_ES.jpg?imwidth=392,"1,39 €",No disponible,No disponible,"(2,78 €/KILO)"
Pera limonera granel 1 Kg aprox.,https://www.dia.es/frutas/peras/p/48586,https://www.dia.es/product_images/48586/48586_ISO_0_ES.jpg?imwidth=392,"2,69 €",No disponible,No disponible,"(2,69 €/KILO)"
Mandarina malla 1 Kg,https://www.dia.es/frutas/naranjas-y-mandarinas/p/11464,https://www.dia.es/product_images/11464/11464_ISO_0_ES.jpg?imwidth=392,"2,49 €",No disponible,No disponible,"(2,49 €/KILO)"
Mandarina granel 500 g aprox.,https://www.dia.es/frutas/naranjas-y-mandarinas/p/84,https://www.dia.es/product_images/84/84_ISO_0_ES.jpg?imwidth=392,"1,30 €",No disponible,No disponible,"(2,59 €/KILO)"
Mandarina selección bandeja 750 g,https://www.dia.es/frutas/naranjas-y-mandarinas/p/257839,https://www.dia.es/product_images/257839/257839_ISO_0_ES.jpg?imwidth=392,"2,39 €",No disponible,No disponible,"(3,19 €/KILO)"
Mandarina Torres Selección malla 750 g,https://www.dia.es/frutas/naranjas-y-mandarinas/p/206952,https://www.dia.es/product_images/206952/206952_ISO_0_ES.jpg?imwidth=392,"2,49 €",No disponible,No disponible,"(3,32 €/KILO)"
Naranja selección granel 1 Kg aprox.,https://www.dia.es/frutas/naranjas-y-mandarinas/p/175058,https://www.dia.es/product_images/175058/175058_ISO_0_ES.jpg?imwidth=392,"2,99 €",No disponible,No disponible,"(2,99 €/KILO)"
Zumo de naranja recién exprimido botella 250 ml,https://www.dia.es/frutas/naranjas-y-mandarinas/p/176479,https://www.dia.es/product_images/176479/176479_ISO_0_ES.jpg?imwidth=392,"2,49 €",No disponible,No disponible,"(9,96 €/LITRO)"
Zumo de naranja recién exprimido botella 1 l,https://www.dia.es/frutas/naranjas-y-mandarinas/p/180348,https://www.dia.es/product_images/180348/180348_ISO_0_ES.jpg?imwidth=392,"5,99 €",No disponible,No disponible,"(5,99 €/LITRO)"
Zumo de naranja recién exprimido botella 500 ml,https://www.dia.es/frutas/naranjas-y-mandarinas/p/176480,https://www.dia.es/product_images/176480/176480_ISO_0_ES.jpg?imwidth=392,"3,79 €",No disponible,No disponible,"(7,58 €/LITRO)"
Naranja especial para zumo malla 4 Kg,https://www.dia.es/frutas/naranjas-y-mandarinas/p/13627,https://www.dia.es/product_images/13627/13627_ISO_0_ES.jpg?imwidth=392,"5,09 €",No disponible,No disponible,"(1,27 €/KILO)"
Naranjas de mesa malla 2 Kg,https://www.dia.es/frutas/naranjas-y-mandarinas/p/11467,https://www.dia.es/product_images/11467/11467_ISO_0_ES.jpg?imwidth=392,"3,05 €",No disponible,No disponible,"(1,53 €/KILO)"
Uva blanca sin semilla bandeja 500 g,https://www.dia.es/frutas/uvas/p/2672,https://www.dia.es/product_images/2672/2672_ISO_0_ES.jpg?imwidth=392,"2,99 €",No disponible,No disponible,"(5,98 €/KILO)"
Uva roja sin semilla bandeja 500 g,https://www.dia.es/frutas/uvas/p/265910,https://www.dia.es/product_images/265910/265910_ISO_0_ES.jpg?imwidth=392,"2,79 €",No disponible,No disponible,"(5,58 €/KILO)"
Limones malla 750 g,https://www.dia.es/frutas/limones-y-pomelos/p/11463,https://www.dia.es/product_images/11463/11463_ISO_0_ES.jpg?imwidth=392,"1,49 €",No disponible,No disponible,"(1,99 €/KILO)"
Limón selección 1 unidad,https://www.dia.es/frutas/limones-y-pomelos/p/302312,https://www.dia.es/product_images/302312/302312_ISO_0_ES.jpg?imwidth=392,"0,69 €",No disponible,No disponible,"(2,76 €/KILO)"
Lima malla 235 g,https://www.dia.es/frutas/limones-y-pomelos/p/244559,https://www.dia.es/product_images/244559/244559_ISO_0_ES.jpg?imwidth=392,"1,00 €",No disponible,No disponible,"(4,26 €/KILO)"
Arándano vaso 170 g,https://www.dia.es/frutas/frutas-del-bosque/p/190387,https://www.dia.es/product_images/190387/190387_ISO_0_ES.jpg?imwidth=392,"3,79 €",No disponible,No disponible,"(22,29 €/KILO)"
Frambuesas bandeja 125 g,https://www.dia.es/frutas/frutas-del-bosque/p/133913,https://www.dia.es/product_images/133913/133913_ISO_0_ES.jpg?imwidth=392,"2,29 €",No disponible,No disponible,"(18,32 €/KILO)"
Arándano bandeja 300 g,https://www.dia.es/frutas/frutas-del-bosque/p/285489,https://www.dia.es/product_images/285489/285489_ISO_0_ES.jpg?imwidth=392,"5,49 €",No disponible,No disponible,"(18,30 €/KILO)"
Aguacate bandeja 450 g,https://www.dia.es/frutas/frutas-tropicales/p/220373,https://www.dia.es/product_images/220373/220373_ISO_0_ES.jpg?imwidth=392,"1,99 €",No disponible,No disponible,"(4,42 €/KILO)"
Kiwi Zespri bandeja 700 g,https://www.dia.es/frutas/frutas-tropicales/p/270541,https://www.dia.es/product_images/270541/270541_ISO_0_ES.jpg?imwidth=392,"2,49 €",No disponible,No disponible,"(3,56 €/KILO)"
Mango bandeja 650 g,https://www.dia.es/frutas/frutas-tropicales/p/166057,https://www.dia.es/product_images/166057/166057_ISO_0_ES.jpg?imwidth=392,"2,79 €",No disponible,No disponible,"(4,29 €/KILO)"
Guacamole Al Punto Dia tarrina 200 g,https://www.dia.es/frutas/frutas-tropicales/p/289182,https://www.dia.es/product_images/289182/289182_ISO_0_ES.jpg?imwidth=392,"1,85 €",Grasas 17.4g de las cuales saturadas 2.9g Hidratos de Carbono 5.1g de los cuales azúcares 1.3g Proteínas 2.8g Sal 0.93g,No disponible,"(9,25 €/KILO)"
Kiwi gold Zespri bandeja 500 g,https://www.dia.es/frutas/frutas-tropicales/p/237458,https://www.dia.es/product_images/237458/237458_ISO_0_ES.jpg?imwidth=392,"3,49 €",No disponible,No disponible,"(6,98 €/KILO)"
Kiwi sungold Zespri granel 600 g,https://www.dia.es/frutas/frutas-tropicales/p/304213,https://www.dia.es/product_images/304213/304213_ISO_0_ES.jpg?imwidth=392,"3,59 €",No disponible,No disponible,"(5,99 €/KILO)"
Coco troceado bio bolsa 56 g,https://www.dia.es/frutas/frutas-tropicales/p/280342,https://www.dia.es/product_images/280342/280342_ISO_0_ES.jpg?imwidth=392,"0,97 €",No disponible,No disponible,"(17,32 €/KILO)"
Kiwi granel 500 g aprox.,https://www.dia.es/frutas/frutas-tropicales/p/78,https://www.dia.es/product_images/78/78_ISO_0_ES.jpg?imwidth=392,"2,50 €",No disponible,No disponible,"(4,99 €/KILO)"
Piña gold premium unidad aprox. 2 Kg,https://www.dia.es/frutas/frutas-tropicales/p/190710,https://www.dia.es/product_images/190710/190710_ISO_0_ES.jpg?imwidth=392,"3,98 €",No disponible,No disponible,"(1,99 €/KILO)"
Aguacate granel 1 Kg aprox.,https://www.dia.es/frutas/frutas-tropicales/p/42069,https://www.dia.es/product_images/42069/42069_ISO_0_ES.jpg?imwidth=392,"5,69 €",No disponible,No disponible,"(5,69 €/KILO)"
Pulpa aguacate Al Punto Dia tarrina 125 g,https://www.dia.es/frutas/frutas-tropicales/p/289184,https://www.dia.es/product_images/289184/289184_ISO_0_ES.jpg?imwidth=392,"1,45 €",No disponible,No disponible,"(11,60 €/KILO)"
Mango 1 unidad,https://www.dia.es/frutas/frutas-tropicales/p/52465,https://www.dia.es/product_images/52465/52465_ISO_0_ES.jpg?imwidth=392,"2,29 €",No disponible,No disponible,"(4,45 €/KILO)"
Aguacate bio bandeja 400 g,https://www.dia.es/frutas/frutas-tropicales/p/245089,https://www.dia.es/product_images/245089/245089_ISO_0_ES.jpg?imwidth=392,"2,99 €",No disponible,No disponible,"(7,48 €/KILO)"
Mango deshidratado Naturmundo de Dia bolsa 90 g,https://www.dia.es/frutas/frutas-deshidratadas/p/303110,https://www.dia.es/product_images/303110/303110_ISO_0_ES.jpg?imwidth=392,"1,99 €",Grasas 0.3g de las cuales saturadas 0.1g Hidratos de Carbono 71g de los cuales azúcares 46g Fibra alimentaria 4.4g Proteínas 4.6g Sal 0.16g,No disponible,"(22,11 €/KILO)"
Arándanos rojos deshidratados Naturmundo de Dia bolsa 150 g,https://www.dia.es/frutas/frutas-deshidratadas/p/274779,https://www.dia.es/product_images/274779/274779_ISO_0_ES.jpg?imwidth=392,"1,73 €",Grasas 0.5g de las cuales saturadas 0.1g Hidratos de Carbono 86g de los cuales azúcares 65g Fibra alimentaria 7g Proteínas 0g Sal 0g,No disponible,"(11,53 €/KILO)"
Pasas sultanas sin pepitas Naturmundo de Dia bolsa 200 g,https://www.dia.es/frutas/frutas-deshidratadas/p/14914,https://www.dia.es/product_images/14914/14914_ISO_0_ES.jpg?imwidth=392,"1,38 €",Grasas 0.6g de las cuales saturadas 0.1g Hidratos de Carbono 71.8g de los cuales azúcares 57.8g Fibra alimentaria 5.3g Proteínas 2.7g Sal 0.03g,No disponible,"(6,90 €/KILO)"
Dátiles sin hueso Naturmundo de Dia bolsa 250 g,https://www.dia.es/frutas/frutas-deshidratadas/p/293253,https://www.dia.es/product_images/293253/293253_ISO_0_ES.jpg?imwidth=392,"2,19 €",Grasas 0.5g de las cuales saturadas 0.1g Hidratos de Carbono 66.6g de los cuales azúcares 62.7g Fibra alimentaria 8.6g Proteínas 1.8g Sal 0.03g,No disponible,"(8,76 €/KILO)"
Ciruelas sin hueso Naturmundo de Dia bolsa 200 g,https://www.dia.es/frutas/frutas-deshidratadas/p/14923,https://www.dia.es/product_images/14923/14923_ISO_0_ES.jpg?imwidth=392,"1,67 €",Grasas 0.7g de las cuales saturadas 0.1g Hidratos de Carbono 48.5g de los cuales azúcares 35.2g Fibra alimentaria 6.5g Proteínas 1.8g Sal 0.02g,No disponible,"(8,35 €/KILO)"
Higos desecados Naturmundo de Dia bolsa 400 g,https://www.dia.es/frutas/frutas-deshidratadas/p/303654,https://www.dia.es/product_images/303654/303654_ISO_0_ES.jpg?imwidth=392,"2,50 €",Grasas 0.8g de las cuales saturadas 0.4g Hidratos de Carbono 57.2g de los cuales azúcares 57.1g Proteínas 3.7g Sal 0.05g,No disponible,"(6,25 €/KILO)"
Dátiles Frit ravich bandeja 500 g,https://www.dia.es/frutas/frutas-deshidratadas/p/125796,https://www.dia.es/product_images/125796/125796_ISO_0_ES.jpg?imwidth=392,"3,05 €",Grasas 0.6g de las cuales saturadas 0.2g Hidratos de Carbono 69g de los cuales azúcares 62g Fibra alimentaria 7.6g Proteínas 2.3g Sal 0.01g,No disponible,"(6,10 €/KILO)"
Naranja con chocolate negro Naturmundo de Dia bolsa 150 g,https://www.dia.es/frutas/frutas-deshidratadas/p/303031,https://www.dia.es/product_images/303031/303031_ISO_0_ES.jpg?imwidth=392,"2,99 €",Grasas 17g de las cuales saturadas 5.5g Hidratos de Carbono 68g de los cuales azúcares 62g Proteínas 2.7g Sal 0.2g,No disponible,"(19,93 €/KILO)"
Pasas recubiertas con chocolate negro Naturmundo de Dia bolsa 150 g,https://www.dia.es/frutas/frutas-deshidratadas/p/294816,https://www.dia.es/product_images/294816/294816_ISO_0_ES.jpg?imwidth=392,"2,99 €",Grasas 27g de las cuales saturadas 17g Hidratos de Carbono 60g de los cuales azúcares 60g Proteínas 3.8g Sal 0.03g,No disponible,"(19,93 €/KILO)"
Pasas moscatel sin semillas Naturmundo de Dia bolsa 150 g,https://www.dia.es/frutas/frutas-deshidratadas/p/303085,https://www.dia.es/product_images/303085/303085_ISO_0_ES.jpg?imwidth=392,"1,39 €",Grasas 0.5g de las cuales saturadas 0.1g Hidratos de Carbono 62g de los cuales azúcares 61g Proteínas 3.1g Sal 0.03g,No disponible,"(9,27 €/KILO)"
Dátiles rellenos con nueces Naturmundo de Dia bandeja 120 g,https://www.dia.es/frutas/frutas-deshidratadas/p/303086,https://www.dia.es/product_images/303086/303086_ISO_0_ES.jpg?imwidth=392,"2,89 €",Grasas 12g de las cuales saturadas 1.1g Hidratos de Carbono 59g de los cuales azúcares 57g Proteínas 5.2g Sal 0.01g,No disponible,"(24,08 €/KILO)"
Leche semidesnatada Dia Láctea brik 6 x 1 l,https://www.dia.es/leche-huevos-y-mantequilla/leche/p/504P6,https://www.dia.es/product_images/504P6/504P6_ISO_0_ES.jpg?imwidth=392,"4,98 €",Grasas 1.6g de las cuales saturadas 1g Hidratos de Carbono 4.8g de los cuales azúcares 4.8g Proteínas 3.2g Sal 0.13g Calcio 120mg,No disponible,"(0,83 €/LITRO)"
Leche entera Dia Láctea brik 6 x 1 l,https://www.dia.es/leche-huevos-y-mantequilla/leche/p/608P6,https://www.dia.es/product_images/608P6/608P6_ISO_0_ES.jpg?imwidth=392,"5,52 €",Grasas 3.6g de las cuales saturadas 2.4g Hidratos de Carbono 4.7g de los cuales azúcares 4.7g Proteínas 3.1g Sal 0.13g Calcio 120mg,No disponible,"(0,92 €/LITRO)"
Leche semidesnatada sin lactosa Dia Láctea brik 6 x 1 l,https://www.dia.es/leche-huevos-y-mantequilla/leche/p/130063P6,https://www.dia.es/product_images/130063P6/130063P6_ISO_0_ES.jpg?imwidth=392,"5,46 €",Grasas 1.5g de las cuales saturadas 1g Hidratos de Carbono 4.7g de los cuales azúcares 4.7g Proteínas 3.2g Ácido Fólico 30µg Sal 0.13g Calcio 120mg,No disponible,"(0,91 €/LITRO)"
Leche desnatada Dia Láctea brik 6 x 1 l,https://www.dia.es/leche-huevos-y-mantequilla/leche/p/607P6,https://www.dia.es/product_images/607P6/607P6_ISO_0_ES.jpg?imwidth=392,"4,74 €",Grasas 0.3g de las cuales saturadas 0.2g Hidratos de Carbono 4.8g de los cuales azúcares 4.8g Proteínas 3.3g Sal 0.13g Calcio 120mg,No disponible,"(0,79 €/LITRO)"
Leche semidesnatada Dia Láctea brik 1 l,https://www.dia.es/leche-huevos-y-mantequilla/leche/p/504,https://www.dia.es/product_images/504/504_ISO_0_ES.jpg?imwidth=392,"0,83 €",Grasas 1.6g de las cuales saturadas 1g Hidratos de Carbono 4.8g de los cuales azúcares 4.8g Proteínas 3.2g Sal 0.13g Calcio 120mg,No disponible,"(0,83 €/LITRO)"
Leche desnatada sin lactosa Dia Láctea brik 6 x 1 l,https://www.dia.es/leche-huevos-y-mantequilla/leche/p/185450P6,https://www.dia.es/product_images/185450P6/185450P6_ISO_0_ES.jpg?imwidth=392,"5,28 €",Grasas 0.2g de las cuales saturadas 0.1g Hidratos de Carbono 4.8g de los cuales azúcares 4.8g Proteínas 3.3g Ácido Fólico 30µg Sal 0.13g Calcio 120mg,No disponible,"(0,88 €/LITRO)"
Leche entera Dia Láctea brik 1 l,https://www.dia.es/leche-huevos-y-mantequilla/leche/p/608,https://www.dia.es/product_images/608/608_ISO_0_ES.jpg?imwidth=392,"0,92 €",Grasas 3.6g de las cuales saturadas 2.4g Hidratos de Carbono 4.7g de los cuales azúcares 4.7g Proteínas 3.1g Sal 0.13g Calcio 120mg,No disponible,"(0,92 €/LITRO)"
Leche semidesnatada sin lactosa Dia Láctea brik 1 l,https://www.dia.es/leche-huevos-y-mantequilla/leche/p/130063,https://www.dia.es/product_images/130063/130063_ISO_0_ES.jpg?imwidth=392,"0,91 €",Grasas 1.5g de las cuales saturadas 1g Hidratos de Carbono 4.7g de los cuales azúcares 4.7g Proteínas 3.2g Ácido Fólico 30µg Sal 0.13g Calcio 120mg,No disponible,"(0,91 €/LITRO)"
Leche semidesnatada Central Lechera Asturiana brik 6 x 1 l,https://www.dia.es/leche-huevos-y-mantequilla/leche/p/17548P6,https://www.dia.es/product_images/17548P6/17548P6_ISO_0_ES.jpg?imwidth=392,"6,66 €",Grasas 1.55g de las cuales saturadas 1g Hidratos de Carbono 4.65g de los cuales azúcares 4.65g Proteínas 3.15g Sal 0.1g Calcio 120mg,No disponible,"(1,11 €/LITRO)"
Leche entera Central Lechera Asturiana brik 6 x 1 l,https://www.dia.es/leche-huevos-y-mantequilla/leche/p/16065P6,https://www.dia.es/product_images/16065P6/16065P6_ISO_0_ES.jpg?imwidth=392,"6,96 €",Grasas 3.6g de las cuales saturadas 2.4g Hidratos de Carbono 4.6g de los cuales azúcares 4.6g Proteínas 3.1g Sal 0.1g Calcio 120mg,No disponible,"(1,16 €/LITRO)"
Leche entera sin lactosa Dia Láctea brik 6 x 1 l,https://www.dia.es/leche-huevos-y-mantequilla/leche/p/225278P6,https://www.dia.es/product_images/225278P6/225278P6_ISO_0_ES.jpg?imwidth=392,"5,94 €",Grasas 3.6g de las cuales saturadas 2.3g Hidratos de Carbono 4.6g de los cuales azúcares 4.6g Proteínas 3.1g Ácido Fólico 30µg Sal 0.13g Calcio 120mg,No disponible,"(0,99 €/LITRO)"
Leche desnatada Dia Láctea brik 1 l,https://www.dia.es/leche-huevos-y-mantequilla/leche/p/607,https://www.dia.es/product_images/607/607_ISO_0_ES.jpg?imwidth=392,"0,79 €",Grasas 0.3g de las cuales saturadas 0.2g Hidratos de Carbono 4.8g de los cuales azúcares 4.8g Proteínas 3.3g Sal 0.13g Calcio 120mg,No disponible,"(0,79 €/LITRO)"
Leche entera Dia Láctea brik 3 x 200 ml,https://www.dia.es/leche-huevos-y-mantequilla/leche/p/303496,https://www.dia.es/product_images/303496/303496_ISO_0_ES.jpg?imwidth=392,"0,87 €",Grasas 3.6g de las cuales saturadas 2.5g Hidratos de Carbono 4.6g de los cuales azúcares 4.6g Proteínas 3.2g Sal 0.12g Calcio 115mg,No disponible,"(1,45 €/LITRO)"
Leche condensada Dia Láctea bote 450 g,https://www.dia.es/leche-huevos-y-mantequilla/leche/p/57797,https://www.dia.es/product_images/57797/57797_ISO_0_ES.jpg?imwidth=392,"2,59 €",Grasas 8g de las cuales saturadas 5.7g Hidratos de Carbono 55g de los cuales azúcares 55g Proteínas 7.4g Sal 0.33g Calcio 235mg,No disponible,"(5,76 €/KILO)"
Leche desnatada calcio Dia Láctea brik 1 l,https://www.dia.es/leche-huevos-y-mantequilla/leche/p/46626,https://www.dia.es/product_images/46626/46626_ISO_0_ES.jpg?imwidth=392,"0,95 €",Grasas 0.5g de las cuales saturadas 0.3g Hidratos de Carbono 4.8g de los cuales azúcares 4.8g Proteínas 3.9g Ácido Fólico 30µg Sal 0.13g Calcio 160mg Fósforo 105mg,No disponible,"(0,95 €/LITRO)"
Leche desnatada sin lactosa Dia Láctea brik 1 l,https://www.dia.es/leche-huevos-y-mantequilla/leche/p/185450,https://www.dia.es/product_images/185450/185450_ISO_0_ES.jpg?imwidth=392,"0,88 €",Grasas 0.2g de las cuales saturadas 0.1g Hidratos de Carbono 4.8g de los cuales azúcares 4.8g Proteínas 3.3g Ácido Fólico 30µg Sal 0.13g Calcio 120mg,No disponible,"(0,88 €/LITRO)"
Leche entera Central Lechera Asturiana botella 6 x 1.5 l,https://www.dia.es/leche-huevos-y-mantequilla/leche/p/74720P6,https://www.dia.es/product_images/74720P6/74720P6_ISO_0_ES.jpg?imwidth=392,"10,92 €",Grasas 3.6g de las cuales saturadas 2.4g Hidratos de Carbono 4.6g de los cuales azúcares 4.6g Proteínas 3.1g Sal 0.1g Calcio 120mg,No disponible,"(1,21 €/LITRO)"
Leche semidesnatada Central Lechera Asturiana botella 6 x 2.2 l,https://www.dia.es/leche-huevos-y-mantequilla/leche/p/173903P6,https://www.dia.es/product_images/173903P6/173903P6_ISO_0_ES.jpg?imwidth=392,"13,98 €",Grasas 1.55g de las cuales saturadas 1g Hidratos de Carbono 4.65g de los cuales azúcares 4.65g Proteínas 3.15g Sal 0.1g Calcio 120mg,No disponible,"(1,06 €/LITRO)"
Leche semidesnatada calcio Dia Láctea brik 1 l,https://www.dia.es/leche-huevos-y-mantequilla/leche/p/34609,https://www.dia.es/product_images/34609/34609_ISO_0_ES.jpg?imwidth=392,"0,98 €",Grasas 1.6g de las cuales saturadas 1.1g Hidratos de Carbono 4.7g de los cuales azúcares 4.7g Proteínas 3.9g Ácido Fólico 30µg Sal 0.13g Calcio 160mg Fósforo 105mg,No disponible,"(0,98 €/LITRO)"
Leche fresca entera Dia Láctea botella 1 l,https://www.dia.es/leche-huevos-y-mantequilla/leche/p/271329,https://www.dia.es/product_images/271329/271329_ISO_0_ES.jpg?imwidth=392,"1,07 €",Grasas 3.6g de las cuales saturadas 2.4g Hidratos de Carbono 4.5g de los cuales azúcares 4.5g Proteínas 3g Sal 0.13g Calcio 110mg,No disponible,"(1,07 €/LITRO)"
Leche desnatada Central Lechera Asturiana botella 6 x 1.5 l,https://www.dia.es/leche-huevos-y-mantequilla/leche/p/74722P6,https://www.dia.es/product_images/74722P6/74722P6_ISO_0_ES.jpg?imwidth=392,"10,32 €",Grasas 0.25g de las cuales saturadas 0.17g Hidratos de Carbono 4.7g de los cuales azúcares 4.7g Proteínas 3.2g Sal 0.1g Calcio 120mg,No disponible,"(1,15 €/LITRO)"
Leche desnatada Central Lechera Asturiana botella 1.5 l,https://www.dia.es/leche-huevos-y-mantequilla/leche/p/74722,https://www.dia.es/product_images/74722/74722_ISO_0_ES.jpg?imwidth=392,"1,72 €",Grasas 0.25g de las cuales saturadas 0.17g Hidratos de Carbono 4.7g de los cuales azúcares 4.7g Proteínas 3.2g Sal 0.1g Calcio 120mg,No disponible,"(1,15 €/LITRO)"
Leche entera Central Lechera Asturiana botella 1.5 l,https://www.dia.es/leche-huevos-y-mantequilla/leche/p/74720,https://www.dia.es/product_images/74720/74720_ISO_0_ES.jpg?imwidth=392,"1,82 €",Grasas 3.6g de las cuales saturadas 2.4g Hidratos de Carbono 4.6g de los cuales azúcares 4.6g Proteínas 3.1g Sal 0.1g Calcio 120mg,No disponible,"(1,21 €/LITRO)"
Leche desnatada Pascual brik 6 x 1 l,https://www.dia.es/leche-huevos-y-mantequilla/leche/p/73678P6,https://www.dia.es/product_images/73678P6/73678P6_ISO_0_ES.jpg?imwidth=392,"7,98 €",Grasas 0.3g de las cuales saturadas 0.2g Hidratos de Carbono 4.8g de los cuales azúcares 4.8g Proteínas 3.4g Sal 0.13g Calcio 120mg,No disponible,"(1,33 €/LITRO)"
Leche desnatada Pascual brik 1 l,https://www.dia.es/leche-huevos-y-mantequilla/leche/p/73678,https://www.dia.es/product_images/73678/73678_ISO_0_ES.jpg?imwidth=392,"1,33 €",Grasas 0.3g de las cuales saturadas 0.2g Hidratos de Carbono 4.8g de los cuales azúcares 4.8g Proteínas 3.4g Sal 0.13g Calcio 120mg,No disponible,"(1,33 €/LITRO)"
Leche semidesnatada Pascual brik 6 x 1 l,https://www.dia.es/leche-huevos-y-mantequilla/leche/p/73677P6,https://www.dia.es/product_images/73677P6/73677P6_ISO_0_ES.jpg?imwidth=392,"7,98 €",Grasas 1.6g de las cuales saturadas 1.1g Hidratos de Carbono 4.7g de los cuales azúcares 4.7g Proteínas 3.3g Sal 0.12g Calcio 120mg,No disponible,"(1,33 €/LITRO)"
Leche semidesnatada Pascual brik 1 l,https://www.dia.es/leche-huevos-y-mantequilla/leche/p/73677,https://www.dia.es/product_images/73677/73677_ISO_0_ES.jpg?imwidth=392,"1,33 €",Grasas 1.6g de las cuales saturadas 1.1g Hidratos de Carbono 4.7g de los cuales azúcares 4.7g Proteínas 3.3g Sal 0.12g Calcio 120mg,No disponible,"(1,33 €/LITRO)"
Leche entera Pascual brik 6 x 1 l,https://www.dia.es/leche-huevos-y-mantequilla/leche/p/73676P6,https://www.dia.es/product_images/73676P6/73676P6_ISO_0_ES.jpg?imwidth=392,"7,98 €",Grasas 3.6g de las cuales saturadas 2.5g Hidratos de Carbono 4.6g de los cuales azúcares 4.6g Proteínas 3.2g Sal 0.12g Calcio 115mg,No disponible,"(1,33 €/LITRO)"
Leche entera Pascual brik 1 l,https://www.dia.es/leche-huevos-y-mantequilla/leche/p/73676,https://www.dia.es/product_images/73676/73676_ISO_0_ES.jpg?imwidth=392,"1,33 €",Grasas 3.6g de las cuales saturadas 2.5g Hidratos de Carbono 4.6g de los cuales azúcares 4.6g Proteínas 3.2g Sal 0.12g Calcio 115mg,No disponible,"(1,33 €/LITRO)"
Bebida láctea crecimiento y desarrollo Puleva brik 1 l,https://www.dia.es/leche-huevos-y-mantequilla/leche/p/63050,https://www.dia.es/product_images/63050/63050_ISO_0_ES.jpg?imwidth=392,"1,79 €",Grasas 2.5g de las cuales saturadas 1g de las cuales monoinsaturadas 1.3g de las cuales poliinsaturadas 0.2g Hidratos de Carbono 3.5g de los cuales azúcares 3.5g Proteínas 2.4g Ácido Fólico 45µg Sal 0.1g Biotina 7.5µg Calcio 120mg Hierro 2.1mg Niacina 2.4µg Fósforo 100mg Ácido pantoténico 0.9mg Riboflavinas 0.21mg Tiamina 0.2mg Zinc 2.2mg,No disponible,"(1,79 €/LITRO)"
Leche en polvo Sveltesse lata 600 g,https://www.dia.es/leche-huevos-y-mantequilla/leche/p/616,https://www.dia.es/product_images/616/616_ISO_0_ES.jpg?imwidth=392,"8,57 €",Grasas 1g de las cuales saturadas 0.6g Hidratos de Carbono 54g de los cuales azúcares 54g Fibra alimentaria 0g Proteínas 36.3g Sal 1.35g Calcio 1592mg,No disponible,"(14,28 €/KILO)"
Leche condensada La lechera lata 740 g,https://www.dia.es/leche-huevos-y-mantequilla/leche/p/614,https://www.dia.es/product_images/614/614_ISO_0_ES.jpg?imwidth=392,"4,19 €",Grasas 8g de las cuales saturadas 4.6g Hidratos de Carbono 54.9g de los cuales azúcares 54.9g Fibra alimentaria 0g Proteínas 7.5g Sal 0.2g,No disponible,"(5,66 €/KILO)"
Bebida láctea folic b Flora brik 1 l,https://www.dia.es/leche-huevos-y-mantequilla/leche/p/61326,https://www.dia.es/product_images/61326/61326_ISO_0_ES.jpg?imwidth=392,"1,99 €",Grasas 1.7g de las cuales saturadas 0.3g de las cuales monoinsaturadas 0.4g de las cuales poliinsaturadas 1g Hidratos de Carbono 4.8g de los cuales azúcares 4.8g Proteínas 3.3g Ácido Fólico 40µg Sal 0.18g Calcio 120mg Tiamina 0.1mg,No disponible,"(1,99 €/LITRO)"
Leche condensada La lechera lata 370 g,https://www.dia.es/leche-huevos-y-mantequilla/leche/p/613,https://www.dia.es/product_images/613/613_ISO_0_ES.jpg?imwidth=392,"2,69 €",Grasas 8g de las cuales saturadas 4.6g Hidratos de Carbono 54.9g de los cuales azúcares 54.9g Fibra alimentaria 0g Proteínas 7.5g Sal 0.2g,No disponible,"(7,27 €/KILO)"
Leche condensada Dia Láctea lata 1 Kg,https://www.dia.es/leche-huevos-y-mantequilla/leche/p/6006,https://www.dia.es/product_images/6006/6006_ISO_0_ES.jpg?imwidth=392,"3,89 €",Grasas 8g de las cuales saturadas 5.7g Hidratos de Carbono 55g de los cuales azúcares 55g Proteínas 7.4g Sal 0.33g Calcio 235mg,No disponible,"(3,89 €/KILO)"
Leche semidesnatada Central Lechera Asturiana botella 6 x 1.5 l,https://www.dia.es/leche-huevos-y-mantequilla/leche/p/5716P6,https://www.dia.es/product_images/5716P6/5716P6_ISO_0_ES.jpg?imwidth=392,"10,74 €",Grasas 1.55g de las cuales saturadas 1g Hidratos de Carbono 4.65g de los cuales azúcares 4.65g Proteínas 3.15g Sal 0.1g Calcio 120mg,No disponible,"(1,19 €/LITRO)"
Leche semidesnatada Central Lechera Asturiana botella 1.5 l,https://www.dia.es/leche-huevos-y-mantequilla/leche/p/5716,https://www.dia.es/product_images/5716/5716_ISO_0_ES.jpg?imwidth=392,"1,79 €",Grasas 1.55g de las cuales saturadas 1g Hidratos de Carbono 4.65g de los cuales azúcares 4.65g Proteínas 3.15g Sal 0.1g Calcio 120mg,No disponible,"(1,19 €/LITRO)"
Leche desnatada omega 3 Dia Láctea brik 1 l,https://www.dia.es/leche-huevos-y-mantequilla/leche/p/48888,https://www.dia.es/product_images/48888/48888_ISO_0_ES.jpg?imwidth=392,"1,10 €",Grasas 0.9g de las cuales saturadas 0.5g de las cuales monoinsaturadas 0.4g de las cuales poliinsaturadas 0.1g Hidratos de Carbono 5.6g de los cuales azúcares 5.6g Proteínas 3g Ácido Fólico 30µg Sal 0.12g Calcio 110mg,No disponible,"(1,10 €/LITRO)"
Leche entera calcio Dia Láctea brik 1 l,https://www.dia.es/leche-huevos-y-mantequilla/leche/p/46625,https://www.dia.es/product_images/46625/46625_ISO_0_ES.jpg?imwidth=392,"1,12 €",Grasas 3.6g de las cuales saturadas 2.5g Hidratos de Carbono 4.7g de los cuales azúcares 4.7g Proteínas 3.9g Ácido Fólico 30µg Calcio 160mg Fósforo 105mg,No disponible,"(1,12 €/LITRO)"
Leche condensada La lechera bote 450 g,https://www.dia.es/leche-huevos-y-mantequilla/leche/p/41309,https://www.dia.es/product_images/41309/41309_ISO_0_ES.jpg?imwidth=392,"3,79 €",Grasas 8g de las cuales saturadas 4.6g Hidratos de Carbono 54.9g de los cuales azúcares 54.9g Fibra alimentaria 0g Proteínas 7.5g Sal 0.2g,No disponible,"(8,42 €/KILO)"
Leche semidesnatada Lauki brik 1 l,https://www.dia.es/leche-huevos-y-mantequilla/leche/p/34578,https://www.dia.es/product_images/34578/34578_ISO_0_ES.jpg?imwidth=392,"1,07 €",Grasas 1.6g de las cuales saturadas 1.1g Hidratos de Carbono 4.8g de los cuales azúcares 4.8g Proteínas 3.1g Sal 0.13g Calcio 120mg,No disponible,"(1,07 €/LITRO)"
Leche semidesnatada Celta brik 1.5 l,https://www.dia.es/leche-huevos-y-mantequilla/leche/p/31961,https://www.dia.es/product_images/31961/31961_ISO_0_ES.jpg?imwidth=392,"1,59 €",Grasas 1.5g de las cuales saturadas 1g Hidratos de Carbono 4.7g de los cuales azúcares 4.7g Proteínas 3.2g Sal 0.13g Calcio 110mg,No disponible,"(1,06 €/LITRO)"
Leche semidesnatada Pascual botella 6 x 188 ml,https://www.dia.es/leche-huevos-y-mantequilla/leche/p/303350,https://www.dia.es/product_images/303350/303350_ISO_0_ES.jpg?imwidth=392,"2,54 €",Grasas 1.6g de las cuales saturadas 1.1g Hidratos de Carbono 4.7g de los cuales azúcares 4.7g Proteínas 3.3g Sal 0.12g Calcio 120mg,No disponible,"(2,18 €/LITRO)"
Leche desnatada omega 3 Puleva brik 1 l,https://www.dia.es/leche-huevos-y-mantequilla/leche/p/30052,https://www.dia.es/product_images/30052/30052_ISO_0_ES.jpg?imwidth=392,"1,79 €",Grasas 2.3g de las cuales saturadas 0.5g de las cuales monoinsaturadas 1.5g de las cuales poliinsaturadas 0.3g Hidratos de Carbono 4.9g de los cuales azúcares 4.9g Proteínas 2.9g Ácido Fólico 30µg Sal 0.15g Calcio 100mg Potasio 170mg Fósforo 83mg,No disponible,"(1,79 €/LITRO)"
Leche desnatada rica en proteínas Puleva pack 6 x 1 l,https://www.dia.es/leche-huevos-y-mantequilla/leche/p/297193P6,https://www.dia.es/product_images/297193P6/297193P6_ISO_0_ES.jpg?imwidth=392,"10,08 €",Grasas 0.5g de las cuales saturadas 0.3g Hidratos de Carbono 5g de los cuales azúcares 5g Proteínas 5g Sal 0.18g Calcio 180mg Fósforo 130mg,No disponible,"(1,68 €/LITRO)"
Leche desnatada rica en proteínas Puleva brik 1 l,https://www.dia.es/leche-huevos-y-mantequilla/leche/p/297193,https://www.dia.es/product_images/297193/297193_ISO_0_ES.jpg?imwidth=392,"1,68 €",Grasas 0.5g de las cuales saturadas 0.3g Hidratos de Carbono 5g de los cuales azúcares 5g Proteínas 5g Sal 0.18g Calcio 180mg Fósforo 130mg,No disponible,"(1,68 €/LITRO)"
Bebida láctea buenas noches Puleva brik 1 l,https://www.dia.es/leche-huevos-y-mantequilla/leche/p/296413,https://www.dia.es/product_images/296413/296413_ISO_0_ES.jpg?imwidth=392,"1,38 €",Grasas 0.4g de las cuales saturadas 0.3g Hidratos de Carbono 4.9g de los cuales azúcares 4.9g Proteínas 3g Sal 0.15g,No disponible,"(1,38 €/LITRO)"
Leche semidesnatada Central Lechera Asturiana brik 500 ml,https://www.dia.es/leche-huevos-y-mantequilla/leche/p/294765,https://www.dia.es/product_images/294765/294765_ISO_0_ES.jpg?imwidth=392,"0,70 €",Grasas 1.55g de las cuales saturadas 1g Hidratos de Carbono 4.65g de los cuales azúcares 4.65g Proteínas 3.15g Sal 0.1g Calcio 120mg,No disponible,"(1,40 €/LITRO)"
Leche semidesnatada fibra Central Lechera Asturiana brik 1 l,https://www.dia.es/leche-huevos-y-mantequilla/leche/p/27987,https://www.dia.es/product_images/27987/27987_ISO_0_ES.jpg?imwidth=392,"1,59 €",Grasas 1.5g de las cuales saturadas 1g Hidratos de Carbono 4.6g de los cuales azúcares 4.6g Fibra alimentaria 4g Proteínas 2.8g Sal 0.15g Calcio 120mg,No disponible,"(1,59 €/LITRO)"
Leche entera calcio Puleva pack 6 x 1 l,https://www.dia.es/leche-huevos-y-mantequilla/leche/p/27258P6,https://www.dia.es/product_images/27258P6/27258P6_ISO_0_ES.jpg?imwidth=392,"9,48 €",Grasas 3.6g de las cuales saturadas 2.3g Hidratos de Carbono 4.9g de los cuales azúcares 4.9g Proteínas 3.9g Sal 0.18g Calcio 180mg Magnesio 28mg Fósforo 125mg,No disponible,"(1,58 €/LITRO)"
Leche entera calcio Puleva brik 1 l,https://www.dia.es/leche-huevos-y-mantequilla/leche/p/27258,https://www.dia.es/product_images/27258/27258_ISO_0_ES.jpg?imwidth=392,"1,58 €",Grasas 3.6g de las cuales saturadas 2.3g Hidratos de Carbono 4.9g de los cuales azúcares 4.9g Proteínas 3.9g Sal 0.18g Calcio 180mg Magnesio 28mg Fósforo 125mg,No disponible,"(1,58 €/LITRO)"
Leche fresca semidesnatada Dia Láctea botella 1 l,https://www.dia.es/leche-huevos-y-mantequilla/leche/p/271330,https://www.dia.es/product_images/271330/271330_ISO_0_ES.jpg?imwidth=392,"1,01 €",Grasas 1.5g de las cuales saturadas 1g Hidratos de Carbono 4.6g de los cuales azúcares 4.6g Proteínas 3g Sal 0.13g Calcio 110mg,No disponible,"(1,01 €/LITRO)"
Leche desnatada suprema Central Lechera Asturiana brik 1 l,https://www.dia.es/leche-huevos-y-mantequilla/leche/p/250631,https://www.dia.es/product_images/250631/250631_ISO_0_ES.jpg?imwidth=392,"1,51 €",Grasas 0.1g de las cuales saturadas 0.1g Hidratos de Carbono 4.7g de los cuales azúcares 4.7g Proteínas 5g Sal 0.15g Calcio 160mg,No disponible,"(1,51 €/LITRO)"
Leche entera sin lactosa Central Lechera Asturiana pack 6 x 1 l,https://www.dia.es/leche-huevos-y-mantequilla/leche/p/240523P6,https://www.dia.es/product_images/240523P6/240523P6_ISO_0_ES.jpg?imwidth=392,"7,92 €",Grasas 3.6g de las cuales saturadas 2.4g Hidratos de Carbono 4.6g de los cuales azúcares 4.6g Proteínas 3.1g Sal 0.1g Calcio 120mg,No disponible,"(1,32 €/LITRO)"
Leche entera sin lactosa Central Lechera Asturiana brik 1 l,https://www.dia.es/leche-huevos-y-mantequilla/leche/p/240523,https://www.dia.es/product_images/240523/240523_ISO_0_ES.jpg?imwidth=392,"1,32 €",Grasas 3.6g de las cuales saturadas 2.4g Hidratos de Carbono 4.6g de los cuales azúcares 4.6g Proteínas 3.1g Sal 0.1g Calcio 120mg,No disponible,"(1,32 €/LITRO)"
Leche evaporada sin lactosa Ideal brik 525 g,https://www.dia.es/leche-huevos-y-mantequilla/leche/p/239520,https://www.dia.es/product_images/239520/239520_ISO_0_ES.jpg?imwidth=392,"3,05 €",Grasas 4g de las cuales saturadas 2.3g Hidratos de Carbono 11g de los cuales azúcares 11g Fibra alimentaria 0g Proteínas 7.4g Sal 0.22g Calcio 260mg,No disponible,"(5,81 €/KILO)"
Leche entera sin lactosa Dia Láctea brik 1 l,https://www.dia.es/leche-huevos-y-mantequilla/leche/p/225278,https://www.dia.es/product_images/225278/225278_ISO_0_ES.jpg?imwidth=392,"0,99 €",Grasas 3.6g de las cuales saturadas 2.3g Hidratos de Carbono 4.6g de los cuales azúcares 4.6g Proteínas 3.1g Ácido Fólico 30µg Sal 0.13g Calcio 120mg,No disponible,"(0,99 €/LITRO)"
Leche desnatada calcio Puleva pack 6 x 1 l,https://www.dia.es/leche-huevos-y-mantequilla/leche/p/22489P6,https://www.dia.es/product_images/22489P6/22489P6_ISO_0_ES.jpg?imwidth=392,"9,48 €",Grasas 0.5g de las cuales saturadas 0.3g Hidratos de Carbono 5.1g de los cuales azúcares 5.1g Proteínas 3.9g Sal 0.2g Calcio 180mg Magnesio 28mg Fósforo 125mg,No disponible,"(1,58 €/LITRO)"
Leche desnatada calcio Puleva brik 1 l,https://www.dia.es/leche-huevos-y-mantequilla/leche/p/22489,https://www.dia.es/product_images/22489/22489_ISO_0_ES.jpg?imwidth=392,"1,58 €",Grasas 0.5g de las cuales saturadas 0.3g Hidratos de Carbono 5.1g de los cuales azúcares 5.1g Proteínas 3.9g Sal 0.2g Calcio 180mg Magnesio 28mg Fósforo 125mg,No disponible,"(1,58 €/LITRO)"
Leche semidesnatada calcio Puleva brik 1 l,https://www.dia.es/leche-huevos-y-mantequilla/leche/p/22488,https://www.dia.es/product_images/22488/22488_ISO_0_ES.jpg?imwidth=392,"1,58 €",Grasas 1.6g de las cuales saturadas 1g Hidratos de Carbono 5.1g de los cuales azúcares 5.1g Proteínas 3.9g Sal 0.2g Calcio 180mg Magnesio 28mg Fósforo 125mg,No disponible,"(1,58 €/LITRO)"
Bebida láctea omega 3 sin lactosa Puleva pack 6 x 1 l,https://www.dia.es/leche-huevos-y-mantequilla/leche/p/222584P6,https://www.dia.es/product_images/222584P6/222584P6_ISO_0_ES.jpg?imwidth=392,"11,34 €",Grasas 2.3g de las cuales saturadas 0.5g de las cuales monoinsaturadas 1.5g de las cuales poliinsaturadas 0.3g Hidratos de Carbono 4.9g de los cuales azúcares 4.9g Proteínas 2.9g Ácido Fólico 30µg Sal 0.15g Calcio 100mg Potasio 170mg Fósforo 83mg,No disponible,"(1,89 €/LITRO)"
Bebida láctea omega 3 sin lactosa Puleva brik 1 l,https://www.dia.es/leche-huevos-y-mantequilla/leche/p/222584,https://www.dia.es/product_images/222584/222584_ISO_0_ES.jpg?imwidth=392,"1,89 €",Grasas 2.3g de las cuales saturadas 0.5g de las cuales monoinsaturadas 1.5g de las cuales poliinsaturadas 0.3g Hidratos de Carbono 4.9g de los cuales azúcares 4.9g Proteínas 2.9g Ácido Fólico 30µg Sal 0.15g Calcio 100mg Potasio 170mg Fósforo 83mg,No disponible,"(1,89 €/LITRO)"
Leche desnatada Central Lechera Asturiana pack 6 x 2.2 l,https://www.dia.es/leche-huevos-y-mantequilla/leche/p/214269P6,https://www.dia.es/product_images/214269P6/214269P6_ISO_0_ES.jpg?imwidth=392,"13,32 €",Grasas 0.25g de las cuales saturadas 0.17g Hidratos de Carbono 4.7g de los cuales azúcares 4.7g Proteínas 3.2g Sal 0.1g Calcio 120mg,No disponible,"(1,01 €/LITRO)"
Leche desnatada Central Lechera Asturiana botella 2.2 l,https://www.dia.es/leche-huevos-y-mantequilla/leche/p/214269,https://www.dia.es/product_images/214269/214269_ISO_0_ES.jpg?imwidth=392,"2,22 €",Grasas 0.25g de las cuales saturadas 0.17g Hidratos de Carbono 4.7g de los cuales azúcares 4.7g Proteínas 3.2g Sal 0.1g Calcio 120mg,No disponible,"(1,01 €/LITRO)"
Leche entera Lauki brik 1 l,https://www.dia.es/leche-huevos-y-mantequilla/leche/p/19814,https://www.dia.es/product_images/19814/19814_ISO_0_ES.jpg?imwidth=392,"1,11 €",Grasas 3.6g de las cuales saturadas 2.5g Hidratos de Carbono 4.7g de los cuales azúcares 4.7g Proteínas 3g Sal 0.13g Calcio 120mg,No disponible,"(1,11 €/LITRO)"
Leche desnatada Lauki brik 1 l,https://www.dia.es/leche-huevos-y-mantequilla/leche/p/1917,https://www.dia.es/product_images/1917/1917_ISO_0_ES.jpg?imwidth=392,"1,03 €",Grasas 0.3g de las cuales saturadas 0.2g Hidratos de Carbono 4.8g de los cuales azúcares 4.8g Proteínas 3.2g Sal 0.13g Calcio 120mg,No disponible,"(1,03 €/LITRO)"
Leche semidesnatada de cabra Covap brik 1 l,https://www.dia.es/leche-huevos-y-mantequilla/leche/p/188442,https://www.dia.es/product_images/188442/188442_ISO_0_ES.jpg?imwidth=392,"2,13 €",Grasas 1.6g de las cuales saturadas 1.2g Hidratos de Carbono 4.5g de los cuales azúcares 4.5g Proteínas 3.4g Sal 0.16g Calcio 120mg,No disponible,"(2,13 €/LITRO)"
Leche entera Central Lechera Asturiana pack 6 x 2.2 l,https://www.dia.es/leche-huevos-y-mantequilla/leche/p/184889P6,https://www.dia.es/product_images/184889P6/184889P6_ISO_0_ES.jpg?imwidth=392,"14,46 €",Grasas 3.6g de las cuales saturadas 2.4g Hidratos de Carbono 4.6g de los cuales azúcares 4.6g Proteínas 3.1g Sal 0.1g Calcio 120mg,No disponible,"(1,10 €/LITRO)"
Leche entera Central Lechera Asturiana botella 2.2 l,https://www.dia.es/leche-huevos-y-mantequilla/leche/p/184889,https://www.dia.es/product_images/184889/184889_ISO_0_ES.jpg?imwidth=392,"2,41 €",Grasas 3.6g de las cuales saturadas 2.4g Hidratos de Carbono 4.6g de los cuales azúcares 4.6g Proteínas 3.1g Sal 0.1g Calcio 120mg,No disponible,"(1,10 €/LITRO)"
Leche entera Celta brik 1.5 l,https://www.dia.es/leche-huevos-y-mantequilla/leche/p/1786,https://www.dia.es/product_images/1786/1786_ISO_0_ES.jpg?imwidth=392,"1,52 €",Grasas 3.6g de las cuales saturadas 2.3g Hidratos de Carbono 4.6g de los cuales azúcares 4.6g Proteínas 3.1g Sal 0.13g Calcio 110mg,No disponible,"(1,01 €/LITRO)"
Leche semidesnatada Central Lechera Asturiana brik 1 l,https://www.dia.es/leche-huevos-y-mantequilla/leche/p/17548,https://www.dia.es/product_images/17548/17548_ISO_0_ES.jpg?imwidth=392,"1,11 €",Grasas 1.55g de las cuales saturadas 1g Hidratos de Carbono 4.65g de los cuales azúcares 4.65g Proteínas 3.15g Sal 0.1g Calcio 120mg,No disponible,"(1,11 €/LITRO)"
Leche semidesnatada Central Lechera Asturiana botella 2.2 l,https://www.dia.es/leche-huevos-y-mantequilla/leche/p/173903,https://www.dia.es/product_images/173903/173903_ISO_0_ES.jpg?imwidth=392,"2,33 €",Grasas 1.55g de las cuales saturadas 1g Hidratos de Carbono 4.65g de los cuales azúcares 4.65g Proteínas 3.15g Sal 0.1g Calcio 120mg,No disponible,"(1,06 €/LITRO)"
Leche desnatada sin lactosa Central Lechera Asturiana brik 6 x 1 l,https://www.dia.es/leche-huevos-y-mantequilla/leche/p/169355P6,https://www.dia.es/product_images/169355P6/169355P6_ISO_0_ES.jpg?imwidth=392,"7,26 €",Grasas 0.1g de las cuales saturadas 0.07g Hidratos de Carbono 4.7g de los cuales azúcares 4.7g Proteínas 3.2g Sal 0.1g Calcio 120mg,No disponible,"(1,21 €/LITRO)"
Leche desnatada sin lactosa Central Lechera Asturiana brik 1 l,https://www.dia.es/leche-huevos-y-mantequilla/leche/p/169355,https://www.dia.es/product_images/169355/169355_ISO_0_ES.jpg?imwidth=392,"1,21 €",Grasas 0.1g de las cuales saturadas 0.07g Hidratos de Carbono 4.7g de los cuales azúcares 4.7g Proteínas 3.2g Sal 0.1g Calcio 120mg,No disponible,"(1,21 €/LITRO)"
Leche evaporada Ideal brik 525 g,https://www.dia.es/leche-huevos-y-mantequilla/leche/p/163643,https://www.dia.es/product_images/163643/163643_ISO_0_ES.jpg?imwidth=392,"2,44 €",Grasas 4g de las cuales saturadas 2.3g Hidratos de Carbono 11g de los cuales azúcares 11g Fibra alimentaria 0g Proteínas 7.4g Sal 0.22g Calcio 260mg,No disponible,"(4,65 €/KILO)"
Leche desnatada Central Lechera Asturiana brik 6 x 1 l,https://www.dia.es/leche-huevos-y-mantequilla/leche/p/16066P6,https://www.dia.es/product_images/16066P6/16066P6_ISO_0_ES.jpg?imwidth=392,"6,42 €",Grasas 0.25g de las cuales saturadas 0.17g Hidratos de Carbono 4.7g de los cuales azúcares 4.7g Proteínas 3.2g Sal 0.1g Calcio 120mg,No disponible,"(1,07 €/LITRO)"
Leche desnatada Central Lechera Asturiana brik 1 l,https://www.dia.es/leche-huevos-y-mantequilla/leche/p/16066,https://www.dia.es/product_images/16066/16066_ISO_0_ES.jpg?imwidth=392,"1,07 €",Grasas 0.25g de las cuales saturadas 0.17g Hidratos de Carbono 4.7g de los cuales azúcares 4.7g Proteínas 3.2g Sal 0.1g Calcio 120mg,No disponible,"(1,07 €/LITRO)"
Leche entera Central Lechera Asturiana brik 1 l,https://www.dia.es/leche-huevos-y-mantequilla/leche/p/16065,https://www.dia.es/product_images/16065/16065_ISO_0_ES.jpg?imwidth=392,"1,16 €",Grasas 3.6g de las cuales saturadas 2.4g Hidratos de Carbono 4.6g de los cuales azúcares 4.6g Proteínas 3.1g Sal 0.1g Calcio 120mg,No disponible,"(1,16 €/LITRO)"
Leche semidesnatada sin lactosa Central Lechera Asturiana brik 6 x 1 l,https://www.dia.es/leche-huevos-y-mantequilla/leche/p/148777P6,https://www.dia.es/product_images/148777P6/148777P6_ISO_0_ES.jpg?imwidth=392,"7,68 €",Grasas 1.55g de las cuales saturadas 1g Hidratos de Carbono 4.65g de los cuales azúcares 4.65g Proteínas 3.15g Sal 0.1g Calcio 120mg,No disponible,"(1,28 €/LITRO)"
Leche semidesnatada sin lactosa Central Lechera Asturiana brik 1 l,https://www.dia.es/leche-huevos-y-mantequilla/leche/p/148777,https://www.dia.es/product_images/148777/148777_ISO_0_ES.jpg?imwidth=392,"1,28 €",Grasas 1.55g de las cuales saturadas 1g Hidratos de Carbono 4.65g de los cuales azúcares 4.65g Proteínas 3.15g Sal 0.1g Calcio 120mg,No disponible,"(1,28 €/LITRO)"
Leche entera sin lactosa Pascual brik 6 x 1 l,https://www.dia.es/leche-huevos-y-mantequilla/leche/p/142327P6,https://www.dia.es/product_images/142327P6/142327P6_ISO_0_ES.jpg?imwidth=392,"8,76 €",Grasas 3.6g de las cuales saturadas 2.5g Hidratos de Carbono 4.6g de los cuales azúcares 4.6g Proteínas 3.2g Sal 0.12g Calcio 115mg,No disponible,"(1,46 €/LITRO)"
Leche entera sin lactosa Pascual brik 1 l,https://www.dia.es/leche-huevos-y-mantequilla/leche/p/142327,https://www.dia.es/product_images/142327/142327_ISO_0_ES.jpg?imwidth=392,"1,46 €",Grasas 3.6g de las cuales saturadas 2.5g Hidratos de Carbono 4.6g de los cuales azúcares 4.6g Proteínas 3.2g Sal 0.12g Calcio 115mg,No disponible,"(1,46 €/LITRO)"
Bebida láctea con cereales crecimiento y desarrollo Puleva brik 1 l,https://www.dia.es/leche-huevos-y-mantequilla/leche/p/129519,https://www.dia.es/product_images/129519/129519_ISO_0_ES.jpg?imwidth=392,"1,89 €",Grasas 2.8g de las cuales saturadas 0.9g de las cuales monoinsaturadas 1.6g de las cuales poliinsaturadas 0.3g Hidratos de Carbono 9.8g de los cuales azúcares 6.5g Fibra alimentaria 0.1g Proteínas 3g Ácido Fólico 70µg Sal 0.18g Biotina 5.3µg Calcio 140mg Hierro 2.1mg Niacina 1.9µg Fósforo 110mg Ácido pantoténico 0.7mg Riboflavinas 0.15mg Tiamina 0.2mg Zinc 2.3mg,No disponible,"(1,89 €/LITRO)"
Bebida láctea omega 3 con nueces Puleva brik 1 l,https://www.dia.es/leche-huevos-y-mantequilla/leche/p/121677,https://www.dia.es/product_images/121677/121677_ISO_0_ES.jpg?imwidth=392,"1,89 €",Grasas 2.3g de las cuales saturadas 0.5g de las cuales monoinsaturadas 1.5g de las cuales poliinsaturadas 0.3g Hidratos de Carbono 4.8g de los cuales azúcares 4.8g Proteínas 2.8g Ácido Fólico 30µg Sal 0.1g Calcio 120mg Potasio 170mg Fósforo 80mg,No disponible,"(1,89 €/LITRO)"
Leche desnatada sin lactosa Pascual brik 6 x 1 l,https://www.dia.es/leche-huevos-y-mantequilla/leche/p/119676P6,https://www.dia.es/product_images/119676P6/119676P6_ISO_0_ES.jpg?imwidth=392,"8,76 €",Grasas 0.1g de las cuales saturadas 0g Hidratos de Carbono 4.8g de los cuales azúcares 4.8g Proteínas 3.4g Sal 0.13g Calcio 120mg,No disponible,"(1,46 €/LITRO)"
Leche desnatada sin lactosa Pascual brik 1 l,https://www.dia.es/leche-huevos-y-mantequilla/leche/p/119676,https://www.dia.es/product_images/119676/119676_ISO_0_ES.jpg?imwidth=392,"1,46 €",Grasas 0.1g de las cuales saturadas 0g Hidratos de Carbono 4.8g de los cuales azúcares 4.8g Proteínas 3.4g Sal 0.13g Calcio 120mg,No disponible,"(1,46 €/LITRO)"
Leche semidesnatada sin lactosa Pascual brik 6 x 1 l,https://www.dia.es/leche-huevos-y-mantequilla/leche/p/119675P6,https://www.dia.es/product_images/119675P6/119675P6_ISO_0_ES.jpg?imwidth=392,"8,76 €",Grasas 1.6g de las cuales saturadas 1.1g Hidratos de Carbono 4.7g de los cuales azúcares 4.7g Proteínas 3.3g Sal 0.12g Calcio 120mg,No disponible,"(1,46 €/LITRO)"
Leche semidesnatada sin lactosa Pascual brik 1 l,https://www.dia.es/leche-huevos-y-mantequilla/leche/p/119675,https://www.dia.es/product_images/119675/119675_ISO_0_ES.jpg?imwidth=392,"1,46 €",Grasas 1.6g de las cuales saturadas 1.1g Hidratos de Carbono 4.7g de los cuales azúcares 4.7g Proteínas 3.3g Sal 0.12g Calcio 120mg,No disponible,"(1,46 €/LITRO)"
Leche semidesnatada calcio Pascual Movit brik 6 x 1 l,https://www.dia.es/leche-huevos-y-mantequilla/leche/p/112295P6,https://www.dia.es/product_images/112295P6/112295P6_ISO_0_ES.jpg?imwidth=392,"10,56 €",Grasas 1.6g de las cuales saturadas 1.1g Hidratos de Carbono 5g de los cuales azúcares 5g Proteínas 3.9g Ácido Fólico 30µg Sal 0.2g Biotina 3.9µg Calcio 160mg Flúor 28mg Magnesio 28mg Manganeso 0.15mg Fósforo 140mg Ácido pantoténico 0.2mg Riboflavinas 6mg Selenio 0.8mg Zinc 0.8mg Cromo 140µg,No disponible,"(1,76 €/LITRO)"
Leche semidesnatada calcio Pascual Movit brik 1 l,https://www.dia.es/leche-huevos-y-mantequilla/leche/p/112295,https://www.dia.es/product_images/112295/112295_ISO_0_ES.jpg?imwidth=392,"1,76 €",Grasas 1.6g de las cuales saturadas 1.1g Hidratos de Carbono 5g de los cuales azúcares 5g Proteínas 3.9g Ácido Fólico 30µg Sal 0.2g Biotina 3.9µg Calcio 160mg Flúor 28mg Magnesio 28mg Manganeso 0.15mg Fósforo 140mg Ácido pantoténico 0.2mg Riboflavinas 6mg Selenio 0.8mg Zinc 0.8mg Cromo 140µg,No disponible,"(1,76 €/LITRO)"
Leche desnatada calcio Pascual Movit brik 6 x 1 l,https://www.dia.es/leche-huevos-y-mantequilla/leche/p/104006P6,https://www.dia.es/product_images/104006P6/104006P6_ISO_0_ES.jpg?imwidth=392,"10,56 €",Grasas 0.4g de las cuales saturadas 0.3g Hidratos de Carbono 5.1g de los cuales azúcares 5.1g Proteínas 3.9g Ácido Fólico 30µg Sal 0.2g Biotina 3.9µg Calcio 160mg Flúor 28mg Magnesio 28mg Manganeso 0.15mg Fósforo 140mg Ácido pantoténico 0.2mg Riboflavinas 6mg Selenio 0.8mg Zinc 0.8mg Cromo 140µg,No disponible,"(1,76 €/LITRO)"
Leche desnatada calcio Pascual Movit brik 1 l,https://www.dia.es/leche-huevos-y-mantequilla/leche/p/104006,https://www.dia.es/product_images/104006/104006_ISO_0_ES.jpg?imwidth=392,"1,76 €",Grasas 0.4g de las cuales saturadas 0.3g Hidratos de Carbono 5.1g de los cuales azúcares 5.1g Proteínas 3.9g Ácido Fólico 30µg Sal 0.2g Biotina 3.9µg Calcio 160mg Flúor 28mg Magnesio 28mg Manganeso 0.15mg Fósforo 140mg Ácido pantoténico 0.2mg Riboflavinas 6mg Selenio 0.8mg Zinc 0.8mg Cromo 140µg,No disponible,"(1,76 €/LITRO)"
Bebida de avena con calcio Vegedia brik 1 l,https://www.dia.es/leche-huevos-y-mantequilla/bebidas-vegetales/p/207399,https://www.dia.es/product_images/207399/207399_ISO_0_ES.jpg?imwidth=392,"0,99 €",Grasas 0.7g de las cuales saturadas 0.2g Hidratos de Carbono 11g de los cuales azúcares 8.1g Proteínas 1.1g Sal 0.04g Calcio 120mg Riboflavinas 0.21mg,No disponible,"(0,99 €/LITRO)"
Bebida de avena Vegedia brik 1 l,https://www.dia.es/leche-huevos-y-mantequilla/bebidas-vegetales/p/267682,https://www.dia.es/product_images/267682/267682_ISO_0_ES.jpg?imwidth=392,"0,95 €",Grasas 0.8g de las cuales saturadas 0.1g Hidratos de Carbono 10g de los cuales azúcares 6.6g Proteínas 1.1g Sal 0.01g,No disponible,"(0,95 €/LITRO)"
Bebida de almendras 0% azúcares Vegedia brik 1 l,https://www.dia.es/leche-huevos-y-mantequilla/bebidas-vegetales/p/267684,https://www.dia.es/product_images/267684/267684_ISO_0_ES.jpg?imwidth=392,"1,30 €",Grasas 2.2g de las cuales saturadas 0.2g Hidratos de Carbono 0.3g de los cuales azúcares 0g Proteínas 0.8g Sal 0.14g Riboflavinas 0.21mg,No disponible,"(1,30 €/LITRO)"
Bebida de soja 0% azúcares Vegedia brik 1 l,https://www.dia.es/leche-huevos-y-mantequilla/bebidas-vegetales/p/294323,https://www.dia.es/product_images/294323/294323_ISO_0_ES.jpg?imwidth=392,"0,75 €",Grasas 0.9g de las cuales saturadas 0.2g Hidratos de Carbono 1.4g de los cuales azúcares 0g Proteínas 2g Sal 0.11g Riboflavinas 0.21mg,No disponible,"(0,75 €/LITRO)"
Bebida de soja con calcio Vegedia brik 1 l,https://www.dia.es/leche-huevos-y-mantequilla/bebidas-vegetales/p/294324,https://www.dia.es/product_images/294324/294324_ISO_0_ES.jpg?imwidth=392,"0,89 €",Grasas 2g de las cuales saturadas 0.4g Hidratos de Carbono 1.2g de los cuales azúcares 0.8g Proteínas 3.5g Sal 0.13g Calcio 120mg Riboflavinas 0.21mg,No disponible,"(0,89 €/LITRO)"
Bebida de avena 0% azúcares Vegedia brik 1 l,https://www.dia.es/leche-huevos-y-mantequilla/bebidas-vegetales/p/293332,https://www.dia.es/product_images/293332/293332_ISO_0_ES.jpg?imwidth=392,"0,80 €",Grasas 0.9g de las cuales saturadas 0.1g Hidratos de Carbono 3.8g Proteínas 0.6g Sal 0.1g,No disponible,"(0,80 €/LITRO)"
Bebida de almendras sin azúcar Alpro brik 1 l,https://www.dia.es/leche-huevos-y-mantequilla/bebidas-vegetales/p/285658,https://www.dia.es/product_images/285658/285658_ISO_0_ES.jpg?imwidth=392,"1,99 €",Grasas 1.1g de las cuales saturadas 0.1g Hidratos de Carbono 0g de los cuales azúcares 0g Fibra alimentaria 0.3g Proteínas 0.4g Sal 0.14g Calcio 120mg Riboflavinas 0.21mg,2ª ud al 50% dto. selección alpro,No disponible
Bebida de arroz Vegedia brik 1 l,https://www.dia.es/leche-huevos-y-mantequilla/bebidas-vegetales/p/267683,https://www.dia.es/product_images/267683/267683_ISO_0_ES.jpg?imwidth=392,"0,99 €",Grasas 0.8g de las cuales saturadas 0.1g Hidratos de Carbono 11g de los cuales azúcares 3.7g Proteínas 0.5g Sal 0.1g Riboflavinas 0.21mg,No disponible,"(0,99 €/LITRO)"
Bebida de soja Pascual Vivesoy brik 1 l,https://www.dia.es/leche-huevos-y-mantequilla/bebidas-vegetales/p/73692,https://www.dia.es/product_images/73692/73692_ISO_0_ES.jpg?imwidth=392,"1,89 €",Grasas 1.9g de las cuales saturadas 0.3g de las cuales monoinsaturadas 0.4g de las cuales poliinsaturadas 1.2g Hidratos de Carbono 1.9g de los cuales azúcares 1.8g Fibra alimentaria 0.9g Proteínas 3.5g Sal 0.12g Calcio 120mg,25% dto x 6 uds o mas en selección vivesoy,No disponible
Bebida de almendras Alpro brik 1 l,https://www.dia.es/leche-huevos-y-mantequilla/bebidas-vegetales/p/167442,https://www.dia.es/product_images/167442/167442_ISO_0_ES.jpg?imwidth=392,"1,99 €",Grasas 1.1g de las cuales saturadas 0.1g Hidratos de Carbono 3.1g de los cuales azúcares 3.1g Fibra alimentaria 0.3g Proteínas 0.4g Sal 0.14g Calcio 120mg Riboflavinas 0.21mg,2ª ud al 50% dto. selección alpro,No disponible
Bebida de avena Pascual Vivesoy pack 6 x 1 l,https://www.dia.es/leche-huevos-y-mantequilla/bebidas-vegetales/p/174052P6,https://www.dia.es/product_images/174052P6/174052P6_ISO_0_ES.jpg?imwidth=392,"11,34 €",Grasas 0.7g de las cuales saturadas 0.1g Hidratos de Carbono 9g de los cuales azúcares 5g Fibra alimentaria 1g Proteínas 1.2g Sal 0.07g Calcio 120mg,25% dto x 6 uds o mas en selección vivesoy,No disponible
Bebida de soja Dia Vital brik 1 l,https://www.dia.es/leche-huevos-y-mantequilla/bebidas-vegetales/p/3027,https://www.dia.es/product_images/3027/3027_ISO_0_ES.jpg?imwidth=392,"0,99 €",Grasas 1.7g de las cuales saturadas 0.3g Hidratos de Carbono 3.7g de los cuales azúcares 3g Proteínas 3.1g Sal 0.1g Calcio 120mg,No disponible,"(0,99 €/LITRO)"
Bebida de avena Alpro pack 6 x 1 l,https://www.dia.es/leche-huevos-y-mantequilla/bebidas-vegetales/p/163737P6,https://www.dia.es/product_images/163737P6/163737P6_ISO_0_ES.jpg?imwidth=392,"11,94 €",Grasas 0.8g de las cuales saturadas 0.2g Hidratos de Carbono 7.7g de los cuales azúcares 5g Fibra alimentaria 0.7g Proteínas 1.3g Sal 0.04g Calcio 120mg,No disponible,"(1,99 €/LITRO)"
Bebida de avena Yosoy brik 1 l,https://www.dia.es/leche-huevos-y-mantequilla/bebidas-vegetales/p/270828,https://www.dia.es/product_images/270828/270828_ISO_0_ES.jpg?imwidth=392,"1,59 €",Grasas 0.7g de las cuales saturadas 0.1g de las cuales monoinsaturadas 0.3g de las cuales poliinsaturadas 0.3g Hidratos de Carbono 8.2g de los cuales azúcares 4.8g Fibra alimentaria 0.7g Proteínas 1.6g Sal 0.03g,No disponible,"(1,59 €/LITRO)"
Bebida de avena sin azúcar Alpro brik 1 l,https://www.dia.es/leche-huevos-y-mantequilla/bebidas-vegetales/p/285659,https://www.dia.es/product_images/285659/285659_ISO_0_ES.jpg?imwidth=392,"1,99 €",Grasas 1.5g de las cuales saturadas 0.2g Hidratos de Carbono 5.8g de los cuales azúcares 0g Fibra alimentaria 1.2g Proteínas 0.2g Sal 0.11g Calcio 120mg Riboflavinas 0.21mg,No disponible,"(1,99 €/LITRO)"
Bebida de avena Pascual Vivesoy brik 1 l,https://www.dia.es/leche-huevos-y-mantequilla/bebidas-vegetales/p/174052,https://www.dia.es/product_images/174052/174052_ISO_0_ES.jpg?imwidth=392,"1,89 €",Grasas 0.7g de las cuales saturadas 0.1g Hidratos de Carbono 9g de los cuales azúcares 5g Fibra alimentaria 1g Proteínas 1.2g Sal 0.07g Calcio 120mg,25% dto x 6 uds o mas en selección vivesoy,No disponible
Bebida de almendras Alpro brik 6 x 1 l,https://www.dia.es/leche-huevos-y-mantequilla/bebidas-vegetales/p/167442P6,https://www.dia.es/product_images/167442P6/167442P6_ISO_0_ES.jpg?imwidth=392,"11,94 €",Grasas 1.1g de las cuales saturadas 0.1g Hidratos de Carbono 3.1g de los cuales azúcares 3.1g Fibra alimentaria 0.3g Proteínas 0.4g Sal 0.14g Calcio 120mg Riboflavinas 0.21mg,2ª ud al 50% dto. selección alpro,No disponible
Bebida de avena sin azúcar Alpro pack 6 x 1 l,https://www.dia.es/leche-huevos-y-mantequilla/bebidas-vegetales/p/285659P6,https://www.dia.es/product_images/285659P6/285659P6_ISO_0_ES.jpg?imwidth=392,"11,94 €",Grasas 1.5g de las cuales saturadas 0.2g Hidratos de Carbono 5.8g de los cuales azúcares 0g Fibra alimentaria 1.2g Proteínas 0.2g Sal 0.11g Calcio 120mg Riboflavinas 0.21mg,No disponible,"(1,99 €/LITRO)"
Bebida de almendras sin azúcar Alpro pack 6 x 1 l,https://www.dia.es/leche-huevos-y-mantequilla/bebidas-vegetales/p/285658P6,https://www.dia.es/product_images/285658P6/285658P6_ISO_0_ES.jpg?imwidth=392,"11,94 €",Grasas 1.1g de las cuales saturadas 0.1g Hidratos de Carbono 0g de los cuales azúcares 0g Fibra alimentaria 0.3g Proteínas 0.4g Sal 0.14g Calcio 120mg Riboflavinas 0.21mg,2ª ud al 50% dto. selección alpro,No disponible
Bebida de avena Alpro brik 1 l,https://www.dia.es/leche-huevos-y-mantequilla/bebidas-vegetales/p/163737,https://www.dia.es/product_images/163737/163737_ISO_0_ES.jpg?imwidth=392,"1,99 €",Grasas 0.8g de las cuales saturadas 0.2g Hidratos de Carbono 7.7g de los cuales azúcares 5g Fibra alimentaria 0.7g Proteínas 1.3g Sal 0.04g Calcio 120mg,No disponible,"(1,99 €/LITRO)"
Bebida de soja Pascual Vivesoy pack 6 x 1 l,https://www.dia.es/leche-huevos-y-mantequilla/bebidas-vegetales/p/73692P6,https://www.dia.es/product_images/73692P6/73692P6_ISO_0_ES.jpg?imwidth=392,"11,34 €",Grasas 1.9g de las cuales saturadas 0.3g de las cuales monoinsaturadas 0.4g de las cuales poliinsaturadas 1.2g Hidratos de Carbono 1.9g de los cuales azúcares 1.8g Fibra alimentaria 0.9g Proteínas 3.5g Sal 0.12g Calcio 120mg,25% dto x 6 uds o mas en selección vivesoy,No disponible
Bebida de avena barista Vegedia brik 1 l,https://www.dia.es/leche-huevos-y-mantequilla/bebidas-vegetales/p/302799,https://www.dia.es/product_images/302799/302799_ISO_0_ES.jpg?imwidth=392,"1,19 €",Grasas 1.5g de las cuales saturadas 0.2g Hidratos de Carbono 7.7g de los cuales azúcares 2.6g Proteínas 1.4g Sal 0.12g,No disponible,"(1,19 €/LITRO)"
Bebida de soja ligera Alpro pack 6 x 1 l,https://www.dia.es/leche-huevos-y-mantequilla/bebidas-vegetales/p/126349P6,https://www.dia.es/product_images/126349P6/126349P6_ISO_0_ES.jpg?imwidth=392,"11,94 €",Grasas 1.2g de las cuales saturadas 0.2g Hidratos de Carbono 1.7g de los cuales azúcares 1.5g Fibra alimentaria 0.9g Proteínas 2.1g Sal 0.13g Calcio 120mg Riboflavinas 0.21mg,No disponible,"(1,99 €/LITRO)"
Bebida de soja ligera Alpro brik 1 l,https://www.dia.es/leche-huevos-y-mantequilla/bebidas-vegetales/p/126349,https://www.dia.es/product_images/126349/126349_ISO_0_ES.jpg?imwidth=392,"1,99 €",Grasas 1.2g de las cuales saturadas 0.2g Hidratos de Carbono 1.7g de los cuales azúcares 1.5g Fibra alimentaria 0.9g Proteínas 2.1g Sal 0.13g Calcio 120mg Riboflavinas 0.21mg,No disponible,"(1,99 €/LITRO)"
Bebida de soja ligera sin azúcar Pascual Vivesoy pack 6 x 1 l,https://www.dia.es/leche-huevos-y-mantequilla/bebidas-vegetales/p/121894P6,https://www.dia.es/product_images/121894P6/121894P6_ISO_0_ES.jpg?imwidth=392,"11,94 €",Grasas 1.4g de las cuales saturadas 0.2g de las cuales monoinsaturadas 0.3g de las cuales poliinsaturadas 0.9g Hidratos de Carbono 0.5g de los cuales azúcares 1.4g Fibra alimentaria 0.8g Proteínas 2.7g Sal 0.12g Calcio 120mg,25% dto x 6 uds o mas en selección vivesoy,No disponible
Bebida de soja ligera sin azúcar Pascual Vivesoy brik 1 l,https://www.dia.es/leche-huevos-y-mantequilla/bebidas-vegetales/p/121894,https://www.dia.es/product_images/121894/121894_ISO_0_ES.jpg?imwidth=392,"1,99 €",Grasas 1.4g de las cuales saturadas 0.2g de las cuales monoinsaturadas 0.3g de las cuales poliinsaturadas 0.9g Hidratos de Carbono 0.5g de los cuales azúcares 1.4g Fibra alimentaria 0.8g Proteínas 2.7g Sal 0.12g Calcio 120mg,25% dto x 6 uds o mas en selección vivesoy,No disponible
Batido de chocolate Dia Láctea brik 6 x 200 ml,https://www.dia.es/leche-huevos-y-mantequilla/batidos-y-horchatas/p/296458,https://www.dia.es/product_images/296458/296458_ISO_0_ES.jpg?imwidth=392,"1,40 €",Grasas 0.8g de las cuales saturadas 0.5g Hidratos de Carbono 8.5g de los cuales azúcares 8.5g Proteínas 2.5g Sal 0.12g,No disponible,"(1,17 €/LITRO)"
Batido de cacao 90% Dia lactea brik 6 x 200 ml,https://www.dia.es/leche-huevos-y-mantequilla/batidos-y-horchatas/p/115833,https://www.dia.es/product_images/115833/115833_ISO_0_ES.jpg?imwidth=392,"1,65 €",Grasas 1.3g de las cuales saturadas 0.9g Hidratos de Carbono 11.1g de los cuales azúcares 10.8g Proteínas 3.1g Sal 0.19g,No disponible,"(1,38 €/LITRO)"
Batido de fresa Dia lactea brik 6 x 200 ml,https://www.dia.es/leche-huevos-y-mantequilla/batidos-y-horchatas/p/134753,https://www.dia.es/product_images/134753/134753_ISO_0_ES.jpg?imwidth=392,"1,55 €",Grasas 1.2g de las cuales saturadas 0.9g Hidratos de Carbono 10.3g de los cuales azúcares 10.3g Proteínas 2.9g Sal 0.15g,No disponible,"(1,29 €/LITRO)"
Batido al cacao Dia botella 1 l,https://www.dia.es/leche-huevos-y-mantequilla/batidos-y-horchatas/p/1269,https://www.dia.es/product_images/1269/1269_ISO_0_ES.jpg?imwidth=392,"1,19 €",Grasas 1g de las cuales saturadas 0.7g Hidratos de Carbono 11g de los cuales azúcares 10.5g Proteínas 2g Sal 0.11g,No disponible,"(1,19 €/LITRO)"
Batido de chocolate Puleva brik 6 x 200 ml,https://www.dia.es/leche-huevos-y-mantequilla/batidos-y-horchatas/p/81206,https://www.dia.es/product_images/81206/81206_ISO_0_ES.jpg?imwidth=392,"2,75 €",Grasas 1.2g de las cuales saturadas 0.8g Hidratos de Carbono 9.1g de los cuales azúcares 9.1g Proteínas 3.2g Sal 0.18g Calcio 110mg,No disponible,"(2,29 €/LITRO)"
Batido de vainilla Dia lactea brik 6 x 200 ml,https://www.dia.es/leche-huevos-y-mantequilla/batidos-y-horchatas/p/134754,https://www.dia.es/product_images/134754/134754_ISO_0_ES.jpg?imwidth=392,"1,55 €",Grasas 1.2g de las cuales saturadas 0.9g Hidratos de Carbono 10.3g de los cuales azúcares 10.3g Proteínas 2.9g Sal 0.15g Calcio 235mg,No disponible,"(1,29 €/LITRO)"
Batido de cacao energy Colacao botella 4 x 188 ml,https://www.dia.es/leche-huevos-y-mantequilla/batidos-y-horchatas/p/295078,https://www.dia.es/product_images/295078/295078_ISO_0_ES.jpg?imwidth=392,"2,65 €",Grasas 0.8g de las cuales saturadas 0.6g Hidratos de Carbono 11g de los cuales azúcares 11g Fibra alimentaria 0.4g Proteínas 3.3g Sal 0.18g Calcio 127mg Fósforo 106mg Zinc 1.1mg,No disponible,"(3,52 €/LITRO)"
Batido de chocolate Puleva botella 1 l,https://www.dia.es/leche-huevos-y-mantequilla/batidos-y-horchatas/p/36169,https://www.dia.es/product_images/36169/36169_ISO_0_ES.jpg?imwidth=392,"2,05 €",Grasas 1.2g de las cuales saturadas 0.8g Hidratos de Carbono 9.1g de los cuales azúcares 9.1g Proteínas 3.2g Sal 0.18g Calcio 110mg Potasio 225mg Fósforo 90mg,No disponible,"(2,05 €/LITRO)"
Batido de chocolate 0% sin azúcar añadido Cacaolat botella 1 l,https://www.dia.es/leche-huevos-y-mantequilla/batidos-y-horchatas/p/211527,https://www.dia.es/product_images/211527/211527_ISO_0_ES.jpg?imwidth=392,"2,50 €",Grasas 2.3g de las cuales saturadas 1.5g Hidratos de Carbono 4.9g de los cuales azúcares 4.6g Proteínas 3g Sal 0.15g,No disponible,"(2,50 €/LITRO)"
Batido de chocolate Cacaolat botella 1 l,https://www.dia.es/leche-huevos-y-mantequilla/batidos-y-horchatas/p/1914,https://www.dia.es/product_images/1914/1914_ISO_0_ES.jpg?imwidth=392,"2,40 €",Grasas 1.5g de las cuales saturadas 1g Hidratos de Carbono 10.7g de los cuales azúcares 10.6g Proteínas 2.7g Sal 0.12g,No disponible,"(2,40 €/LITRO)"
Café con leche Puleva botella 1 l,https://www.dia.es/leche-huevos-y-mantequilla/batidos-y-horchatas/p/284686,https://www.dia.es/product_images/284686/284686_ISO_0_ES.jpg?imwidth=392,"2,19 €",Grasas 0.7g de las cuales saturadas 0.5g Hidratos de Carbono 9g de los cuales azúcares 8.8g Proteínas 3.3g Sal 0.16g Calcio 120mg Fósforo 105mg,No disponible,"(2,19 €/LITRO)"
Batido de chocolate enriquecido con proteínas Valio botella 260 g,https://www.dia.es/agua-refrescos-y-zumos/tes-frios-cafes-frios/p/266614,https://www.dia.es/product_images/266614/266614_ISO_0_ES.jpg?imwidth=392,"2,25 €",Grasas 1.5g de las cuales saturadas 0.9g Hidratos de Carbono 4g de los cuales azúcares 4g Proteínas 10g Sal 0.18g Calcio 250mg,No disponible,"(8,65 €/KILO)"
Batido de chocolate sin lactosa Puleva brik 6 x 200 ml,https://www.dia.es/leche-huevos-y-mantequilla/batidos-y-horchatas/p/241808,https://www.dia.es/product_images/241808/241808_ISO_0_ES.jpg?imwidth=392,"2,99 €",Grasas 1.2g de las cuales saturadas 0.8g Hidratos de Carbono 9.1g de los cuales azúcares 9.1g Proteínas 3.2g Sal 0.18g Calcio 96mg,No disponible,"(2,49 €/LITRO)"
Batido de chocolate shake ColaCao vaso 200 ml,https://www.dia.es/leche-huevos-y-mantequilla/batidos-y-horchatas/p/231636,https://www.dia.es/product_images/231636/231636_ISO_0_ES.jpg?imwidth=392,"1,56 €",Grasas 1.5g de las cuales saturadas 1g Hidratos de Carbono 11g de los cuales azúcares 11g Fibra alimentaria 1.4g Proteínas 3.9g Sal 0.16g,No disponible,"(7,80 €/LITRO)"
Huevos frescos categoría A clase L Dia bandeja 12 unidades,https://www.dia.es/leche-huevos-y-mantequilla/huevos/p/14635,https://www.dia.es/product_images/14635/14635_ISO_0_ES.jpg?imwidth=392,"2,31 €",Grasas 9.2g de las cuales saturadas 2.7g Hidratos de Carbono 1.7g de los cuales azúcares 0g Proteínas 12.6g Sal 0.36g,No disponible,"(2,31 €/DOCENA)"
Huevos frescos categoría A clase M Dia bandeja 24 unidades,https://www.dia.es/leche-huevos-y-mantequilla/huevos/p/274009,https://www.dia.es/product_images/274009/274009_ISO_0_ES.jpg?imwidth=392,"3,88 €",Grasas 9.7g de las cuales saturadas 2.8g Hidratos de Carbono 0.7g de los cuales azúcares 0.7g Proteínas 12.7g Sal 0.36g,No disponible,"(1,94 €/DOCENA)"
Huevos frescos categoría A clase M Dia bandeja 12 unidades,https://www.dia.es/leche-huevos-y-mantequilla/huevos/p/14636,https://www.dia.es/product_images/14636/14636_ISO_0_ES.jpg?imwidth=392,"2,06 €",Grasas 9.7g de las cuales saturadas 2.8g Hidratos de Carbono 0.7g de los cuales azúcares 0.7g Proteínas 12.7g Sal 0.14g,No disponible,"(2,06 €/DOCENA)"
Huevos frescos categoría A clase XL Dia bandeja 6 unidades,https://www.dia.es/leche-huevos-y-mantequilla/huevos/p/47459,https://www.dia.es/product_images/47459/47459_ISO_0_ES.jpg?imwidth=392,"1,72 €",Grasas 9.7g de las cuales saturadas 2.8g Hidratos de Carbono 0.7g de los cuales azúcares 0.7g Proteínas 13g Sal 0.4g,No disponible,"(3,44 €/DOCENA)"
Huevos camperos categoría A clase M/L Dia bandeja 10 unidades,https://www.dia.es/leche-huevos-y-mantequilla/huevos/p/274540,https://www.dia.es/product_images/274540/274540_ISO_0_ES.jpg?imwidth=392,"2,54 €",Grasas 8.4g de las cuales saturadas 2.8g Hidratos de Carbono 0.5g de los cuales azúcares 0.5g Proteínas 13.1g Sal 0.38g,No disponible,"(3,05 €/DOCENA)"
Huevos frescos de gallinas criadas en suelo categoría A clase M/L Dia bandeja 12 unidades,https://www.dia.es/leche-huevos-y-mantequilla/huevos/p/274011,https://www.dia.es/product_images/274011/274011_ISO_0_ES.jpg?imwidth=392,"2,50 €",Grasas 9.7g de las cuales saturadas 2.8g Hidratos de Carbono 0.7g de los cuales azúcares 0.7g Proteínas 12.7g Sal 0.36g,No disponible,"(2,50 €/DOCENA)"
Huevos ecológicos categoría A clase M/L Dia bandeja 6 unidades,https://www.dia.es/leche-huevos-y-mantequilla/huevos/p/274541,https://www.dia.es/product_images/274541/274541_ISO_0_ES.jpg?imwidth=392,"2,54 €",Grasas 8.2g de las cuales saturadas 2.6g Hidratos de Carbono 3g de los cuales azúcares 0.5g Proteínas 12.8g Sal 0.39g,No disponible,"(5,08 €/DOCENA)"
Huevos frescos maíz categoría A clase M/L Grupo de lucas caja 12 unidades,https://www.dia.es/leche-huevos-y-mantequilla/huevos/p/135425,https://www.dia.es/product_images/135425/135425_ISO_0_ES.jpg?imwidth=392,"2,91 €",Grasas 9.7g de las cuales saturadas 2.8g Hidratos de Carbono 0.7g de los cuales azúcares 0.7g Fibra alimentaria 0g Proteínas 12.7g Sal 0.36g,No disponible,"(2,91 €/DOCENA)"
Claras de huevo pasteurizadas Ovonatur botella 500 ml,https://www.dia.es/leche-huevos-y-mantequilla/huevos/p/230337,https://www.dia.es/product_images/230337/230337_ISO_0_ES.jpg?imwidth=392,"1,95 €",Grasas 0.3g de las cuales saturadas 0.2g Hidratos de Carbono 0.5g de los cuales azúcares 0.5g Proteínas 10.5g Sal 0.5g,No disponible,"(3,90 €/LITRO)"
Mantequilla sin sal Dia Láctea 250 g,https://www.dia.es/leche-huevos-y-mantequilla/mantequilla-y-margarina/p/268201,https://www.dia.es/product_images/268201/268201_ISO_0_ES.jpg?imwidth=392,"2,39 €",Grasas 82g de las cuales saturadas 56g Hidratos de Carbono 0.8g de los cuales azúcares 0.8g Proteínas 0.5g Sal 0.05g,No disponible,"(9,56 €/KILO)"
Mantequilla con sal Dia Láctea 250 g,https://www.dia.es/leche-huevos-y-mantequilla/mantequilla-y-margarina/p/268200,https://www.dia.es/product_images/268200/268200_ISO_0_ES.jpg?imwidth=392,"2,39 €",Grasas 81g de las cuales saturadas 55g Hidratos de Carbono 0.8g de los cuales azúcares 0.8g Proteínas 0.5g Sal 1g,No disponible,"(9,56 €/KILO)"
Mantequilla tradicional Central Lechera Asturiana tarrina 250 g,https://www.dia.es/leche-huevos-y-mantequilla/mantequilla-y-margarina/p/53766,https://www.dia.es/product_images/53766/53766_ISO_0_ES.jpg?imwidth=392,"3,55 €",Grasas 82g de las cuales saturadas 55g de las cuales monoinsaturadas 0g de las cuales poliinsaturadas 0g Hidratos de Carbono 0.4g de los cuales azúcares 0.4g Proteínas 0.6g Sal 0.03g,No disponible,"(14,20 €/KILO)"
Mantequilla ligera fácil de untar Central Lechera Asturiana tarrina 250 g,https://www.dia.es/leche-huevos-y-mantequilla/mantequilla-y-margarina/p/187554,https://www.dia.es/product_images/187554/187554_ISO_0_ES.jpg?imwidth=392,"3,65 €",Grasas 41g de las cuales saturadas 24.8g de las cuales monoinsaturadas 0g de las cuales poliinsaturadas 0g Hidratos de Carbono 3g de los cuales azúcares 0g Fibra alimentaria 0.2g Proteínas 0g Sal 1g,No disponible,"(14,60 €/KILO)"
Margarina Tulipán tarrina 400 g,https://www.dia.es/leche-huevos-y-mantequilla/mantequilla-y-margarina/p/275561,https://www.dia.es/product_images/275561/275561_ISO_0_ES.jpg?imwidth=392,"2,69 €",Grasas 59g de las cuales saturadas 22g Hidratos de Carbono 0.5g de los cuales azúcares 0.5g Proteínas 0.5g Sal 0.3g,No disponible,"(6,73 €/KILO)"
Margarina vitaminada con sal Diasol tarrina 500 g,https://www.dia.es/leche-huevos-y-mantequilla/mantequilla-y-margarina/p/55576,https://www.dia.es/product_images/55576/55576_ISO_0_ES.jpg?imwidth=392,"1,45 €",Grasas 60g de las cuales saturadas 17g Hidratos de Carbono 0.5g de los cuales azúcares 0.5g Proteínas 0.3g Sal 1.5g,No disponible,"(2,90 €/KILO)"
Margarina ligera Diasol tarrina 500 g,https://www.dia.es/leche-huevos-y-mantequilla/mantequilla-y-margarina/p/55574,https://www.dia.es/product_images/55574/55574_ISO_0_ES.jpg?imwidth=392,"1,40 €",Grasas 40g de las cuales saturadas 12g Hidratos de Carbono 0.5g de los cuales azúcares 0.5g Proteínas 0.3g Sal 0.4g,No disponible,"(2,80 €/KILO)"
Margarina vitaminada Diasol tarrina 500 g,https://www.dia.es/leche-huevos-y-mantequilla/mantequilla-y-margarina/p/55575,https://www.dia.es/product_images/55575/55575_ISO_0_ES.jpg?imwidth=392,"1,45 €",Grasas 60g de las cuales saturadas 17g Hidratos de Carbono 0.5g de los cuales azúcares 0.5g Proteínas 0.3g Sal 4g,No disponible,"(2,90 €/KILO)"
Mantequilla con sal Dia Láctea tarrina 250 g,https://www.dia.es/leche-huevos-y-mantequilla/mantequilla-y-margarina/p/270690,https://www.dia.es/product_images/270690/270690_ISO_0_ES.jpg?imwidth=392,"2,60 €",Grasas 82g de las cuales saturadas 54g Hidratos de Carbono 0.7g de los cuales azúcares 0.7g Proteínas 0.6g Sal 1.3g,No disponible,"(10,40 €/KILO)"
Margarina con sal Tulipán tarrina 400 g,https://www.dia.es/leche-huevos-y-mantequilla/mantequilla-y-margarina/p/275563,https://www.dia.es/product_images/275563/275563_ISO_0_ES.jpg?imwidth=392,"2,69 €",Grasas 59g de las cuales saturadas 22g Hidratos de Carbono 0.5g de los cuales azúcares 0.5g Proteínas 0.5g Sal 0.9g,No disponible,"(6,73 €/KILO)"
Margarina Natacha tarrina 450 g,https://www.dia.es/leche-huevos-y-mantequilla/mantequilla-y-margarina/p/189288,https://www.dia.es/product_images/189288/189288_ISO_0_ES.jpg?imwidth=392,"1,49 €",Grasas 20g de las cuales saturadas 6g Hidratos de Carbono 0.5g de los cuales azúcares 0.5g Proteínas 0.5g Sal 0.8g,No disponible,"(3,31 €/KILO)"
Margarina con un toque de aceite de oliva Flora tarrina 225 g,https://www.dia.es/leche-huevos-y-mantequilla/mantequilla-y-margarina/p/278909,https://www.dia.es/product_images/278909/278909_ISO_0_ES.jpg?imwidth=392,"1,99 €",Grasas 59g de las cuales saturadas 13g de las cuales monoinsaturadas 34g de las cuales poliinsaturadas 13g Hidratos de Carbono 0.5g de los cuales azúcares 0.5g Proteínas 0.5g Sal 0.2g Tiamina 0.82mg,No disponible,"(8,84 €/KILO)"
Margarina rica en omega 3 Flora tarrina 400 g,https://www.dia.es/leche-huevos-y-mantequilla/mantequilla-y-margarina/p/278898,https://www.dia.es/product_images/278898/278898_ISO_0_ES.jpg?imwidth=392,"2,95 €",Grasas 59g de las cuales saturadas 13g de las cuales monoinsaturadas 33g de las cuales poliinsaturadas 14g Hidratos de Carbono 0.5g de los cuales azúcares 0.5g Proteínas 0.5g Sal 0.2g Tiamina 0.82mg,No disponible,"(7,38 €/KILO)"
Margarina Proactiv tarrina 225 g,https://www.dia.es/leche-huevos-y-mantequilla/mantequilla-y-margarina/p/65292,https://www.dia.es/product_images/65292/65292_ISO_0_ES.jpg?imwidth=392,"2,95 €",Grasas 35g de las cuales saturadas 7.6g de las cuales monoinsaturadas 17g de las cuales poliinsaturadas 10g Hidratos de Carbono 0.5g de los cuales azúcares 0.5g Proteínas 0.5g Sal 0.3g,No disponible,"(13,11 €/KILO)"
Mantequilla tradicional en rulo Central Lechera Asturiana 500 g,https://www.dia.es/leche-huevos-y-mantequilla/mantequilla-y-margarina/p/271001,https://www.dia.es/product_images/271001/271001_ISO_0_ES.jpg?imwidth=392,"6,15 €",Grasas 82g de las cuales saturadas 55g de las cuales monoinsaturadas 0g de las cuales poliinsaturadas 0g Hidratos de Carbono 0.4g de los cuales azúcares 0.4g Proteínas 0.6g Sal 0.03g,No disponible,"(12,30 €/KILO)"
Mantequilla tradicional con sal Central Lechera Asturiana tarrina 250 g,https://www.dia.es/leche-huevos-y-mantequilla/mantequilla-y-margarina/p/180474,https://www.dia.es/product_images/180474/180474_ISO_0_ES.jpg?imwidth=392,"3,55 €",Grasas 80g de las cuales saturadas 54g Hidratos de Carbono 0.6g de los cuales azúcares 0.6g Proteínas 0.6g Sal 0.7g,No disponible,"(14,20 €/KILO)"
Mantequilla ligera sin lactosa Central Lechera Asturiana tarrina 250 g,https://www.dia.es/leche-huevos-y-mantequilla/mantequilla-y-margarina/p/216865,https://www.dia.es/product_images/216865/216865_ISO_0_ES.jpg?imwidth=392,"3,65 €",Grasas 40g de las cuales saturadas 26.3g Hidratos de Carbono 0.2g de los cuales azúcares 0.2g Fibra alimentaria 0.4g Proteínas 1.6g Sal 0.8g,No disponible,"(14,60 €/KILO)"
Nata para cocinar culinaria Dia lactea brik 3 x 200 ml,https://www.dia.es/leche-huevos-y-mantequilla/nata/p/145042,https://www.dia.es/product_images/145042/145042_ISO_0_ES.jpg?imwidth=392,"1,75 €",Grasas 18g de las cuales saturadas 12g Hidratos de Carbono 4g de los cuales azúcares 4g Proteínas 2.5g Sal 0.13g,No disponible,"(2,92 €/LITRO)"
Nata para cocinar 15% m.g Dia Láctea brik 500 ml,https://www.dia.es/leche-huevos-y-mantequilla/nata/p/294393,https://www.dia.es/product_images/294393/294393_ISO_0_ES.jpg?imwidth=392,"1,45 €",Grasas 15g de las cuales saturadas 9.7g Hidratos de Carbono 4.3g de los cuales azúcares 3.9g Proteínas 2.8g Sal 0.08g,No disponible,"(2,90 €/LITRO)"
Nata para montar Dia lactea brik 3 x 200 ml,https://www.dia.es/leche-huevos-y-mantequilla/nata/p/145041,https://www.dia.es/product_images/145041/145041_ISO_0_ES.jpg?imwidth=392,"2,19 €",Grasas 35g de las cuales saturadas 23g Hidratos de Carbono 3.3g de los cuales azúcares 3.3g Proteínas 2g Sal 0.13g,No disponible,"(3,65 €/LITRO)"
Nata montada azucarada Central Lechera Asturiana spray 250 g,https://www.dia.es/leche-huevos-y-mantequilla/nata/p/5691,https://www.dia.es/product_images/5691/5691_ISO_0_ES.jpg?imwidth=392,"2,75 €",Grasas 28.3g de las cuales saturadas 18.5g Hidratos de Carbono 11.9g de los cuales azúcares 11.9g Proteínas 2.4g Sal 0.16g,No disponible,"(11,00 €/KILO)"
Leche evaporada Ideal brik 525 g,https://www.dia.es/leche-huevos-y-mantequilla/leche/p/163643,https://www.dia.es/product_images/163643/163643_ISO_0_ES.jpg?imwidth=392,"2,44 €",Grasas 4g de las cuales saturadas 2.3g Hidratos de Carbono 11g de los cuales azúcares 11g Fibra alimentaria 0g Proteínas 7.4g Sal 0.22g Calcio 260mg,No disponible,"(4,65 €/KILO)"
Nata para cocinar Central Lechera Asturiana brik 500 ml,https://www.dia.es/leche-huevos-y-mantequilla/nata/p/56937,https://www.dia.es/product_images/56937/56937_ISO_0_ES.jpg?imwidth=392,"2,75 €",Grasas 18g de las cuales saturadas 12.2g Hidratos de Carbono 4.4g de los cuales azúcares 3.7g Proteínas 2.4g Sal 0.1g,No disponible,"(5,50 €/LITRO)"
Nata para montar Central Lechera Asturiana brik 500 ml,https://www.dia.es/leche-huevos-y-mantequilla/nata/p/53765,https://www.dia.es/product_images/53765/53765_ISO_0_ES.jpg?imwidth=392,"2,75 €",Grasas 35.1g de las cuales saturadas 23.7g Hidratos de Carbono 3.1g de los cuales azúcares 3.1g Proteínas 2g Sal 0.1g,No disponible,"(5,50 €/LITRO)"
Nata para cocinar Puleva brik 200 ml,https://www.dia.es/leche-huevos-y-mantequilla/nata/p/72878,https://www.dia.es/product_images/72878/72878_ISO_0_ES.jpg?imwidth=392,"1,66 €",Grasas 18g de las cuales saturadas 12g Hidratos de Carbono 5.5g de los cuales azúcares 3.8g Proteínas 2.5g Sal 0.1g,No disponible,"(8,30 €/LITRO)"
Nata para montar Central Lechera Asturiana brik 1 l,https://www.dia.es/leche-huevos-y-mantequilla/nata/p/145492,https://www.dia.es/product_images/145492/145492_ISO_0_ES.jpg?imwidth=392,"4,75 €",Grasas 35.1g de las cuales saturadas 23.7g Hidratos de Carbono 3.1g de los cuales azúcares 3.1g Proteínas 2g Sal 0.1g,No disponible,"(4,75 €/LITRO)"
Leche evaporada sin lactosa Ideal brik 525 g,https://www.dia.es/leche-huevos-y-mantequilla/leche/p/239520,https://www.dia.es/product_images/239520/239520_ISO_0_ES.jpg?imwidth=392,"3,05 €",Grasas 4g de las cuales saturadas 2.3g Hidratos de Carbono 11g de los cuales azúcares 11g Fibra alimentaria 0g Proteínas 7.4g Sal 0.22g Calcio 260mg,No disponible,"(5,81 €/KILO)"
Yogur griego stracciatella Fidias de Dia pack 6 x 125 g,https://www.dia.es/yogures-y-postres/griegos-y-mousse/p/272542,https://www.dia.es/product_images/272542/272542_ISO_0_ES.jpg?imwidth=392,"1,90 €",Grasas 8.2g de las cuales saturadas 5.4g Hidratos de Carbono 15.4g de los cuales azúcares 15.4g Proteínas 2.4g Sal 0.1g,No disponible,"(2,53 €/KILO)"
Yogur griego natural Fidias de Dia pack 6 x 125 g,https://www.dia.es/yogures-y-postres/griegos-y-mousse/p/135285,https://www.dia.es/product_images/135285/135285_ISO_0_ES.jpg?imwidth=392,"1,55 €",Grasas 9.9g de las cuales saturadas 6.4g Hidratos de Carbono 5.4g de los cuales azúcares 5.4g Proteínas 3.6g Sal 0.1g,No disponible,"(2,07 €/KILO)"
Yogur griego natural azucarado Fidias de Dia pack 6 x 125 g,https://www.dia.es/yogures-y-postres/griegos-y-mousse/p/135286,https://www.dia.es/product_images/135286/135286_ISO_0_ES.jpg?imwidth=392,"1,55 €",Grasas 9g de las cuales saturadas 6.1g Hidratos de Carbono 11g de los cuales azúcares 11g Proteínas 2.6g Sal 0.12g,No disponible,"(2,07 €/KILO)"
Yogur griego con fresa Fidias de Dia pack 6 x 125 g,https://www.dia.es/yogures-y-postres/griegos-y-mousse/p/135291,https://www.dia.es/product_images/135291/135291_ISO_0_ES.jpg?imwidth=392,"1,80 €",Grasas 7.5g de las cuales saturadas 5g Hidratos de Carbono 11.9g de los cuales azúcares 11.7g Proteínas 2.8g Sal 0.1g,No disponible,"(2,40 €/KILO)"
Yogur griego Fidias de Dia vaso 1 Kg,https://www.dia.es/yogures-y-postres/griegos-y-mousse/p/165956,https://www.dia.es/product_images/165956/165956_ISO_0_ES.jpg?imwidth=392,"2,40 €",Grasas 10g de las cuales saturadas 6.5g Hidratos de Carbono 4.5g de los cuales azúcares 4.5g Proteínas 3.6g Sal 0.13g,No disponible,"(2,40 €/KILO)"
Yogur griego con nueces Fidias de Dia pack 4 x 125 g,https://www.dia.es/yogures-y-postres/griegos-y-mousse/p/272513,https://www.dia.es/product_images/272513/272513_ISO_0_ES.jpg?imwidth=392,"1,69 €",Grasas 8.9g de las cuales saturadas 5.6g Hidratos de Carbono 13g de los cuales azúcares 13g Proteínas 2.6g Sal 0.1g,No disponible,"(3,38 €/KILO)"
Yogur griego con mora y frambuesa Fidias de Dia pack 4 x 125 g,https://www.dia.es/yogures-y-postres/griegos-y-mousse/p/174098,https://www.dia.es/product_images/174098/174098_ISO_0_ES.jpg?imwidth=392,"1,75 €",Grasas 7.1g de las cuales saturadas 4.7g Hidratos de Carbono 13.1g de los cuales azúcares 12.7g Proteínas 2.7g Sal 0.1g,No disponible,"(3,50 €/KILO)"
Yogur griego natural con azúcar de caña Fidias de Dia tarrina 1 kg,https://www.dia.es/yogures-y-postres/griegos-y-mousse/p/295081,https://www.dia.es/product_images/295081/295081_ISO_0_ES.jpg?imwidth=392,"2,40 €",Grasas 9.2g de las cuales saturadas 6g Hidratos de Carbono 11.7g de los cuales azúcares 11.7g Proteínas 3.3g Sal 0.13g,No disponible,"(2,40 €/KILO)"
Yogur griego stracciatella Danone vaso 4 x 110 g,https://www.dia.es/yogures-y-postres/griegos-y-mousse/p/294221,https://www.dia.es/product_images/294221/294221_ISO_0_ES.jpg?imwidth=392,"1,49 €",Grasas 7.6g de las cuales saturadas 5g Hidratos de Carbono 14.8g de los cuales azúcares 14.4g Proteínas 3.2g Sal 0.1g Calcio 130mg,No disponible,"(3,39 €/KILO)"
Yogur griego con lima y limón Fidias de Dia pack 4 x 125 g,https://www.dia.es/yogures-y-postres/griegos-y-mousse/p/272514,https://www.dia.es/product_images/272514/272514_ISO_0_ES.jpg?imwidth=392,"1,69 €",Grasas 8.1g de las cuales saturadas 5.5g Hidratos de Carbono 13g de los cuales azúcares 12g Proteínas 2.4g Sal 0.1g,No disponible,"(3,38 €/KILO)"
Yogur griego natural ligero Fidias de Dia pack 6 x 125 g,https://www.dia.es/yogures-y-postres/griegos-y-mousse/p/303599,https://www.dia.es/product_images/303599/303599_ISO_0_ES.jpg?imwidth=392,"1,55 €",No disponible,No disponible,"(2,07 €/KILO)"
Yogur griego natural Danone pack 4 x 110 g,https://www.dia.es/yogures-y-postres/griegos-y-mousse/p/142181,https://www.dia.es/product_images/142181/142181_ISO_0_ES.jpg?imwidth=392,"1,49 €",Grasas 7g de las cuales saturadas 4.6g Hidratos de Carbono 4.6g de los cuales azúcares 4.6g Proteínas 3.6g Sal 0.08g Calcio 143mg,No disponible,"(3,39 €/KILO)"
Yogur griego con fresa Fidias de Dia pack 4 x 125 g,https://www.dia.es/yogures-y-postres/griegos-y-mousse/p/115176,https://www.dia.es/product_images/115176/115176_ISO_0_ES.jpg?imwidth=392,"1,69 €",Grasas 9.9g de las cuales saturadas 6.4g Hidratos de Carbono 5.4g de los cuales azúcares 5.4g Proteínas 3.6g Sal 0.1g,No disponible,"(3,38 €/KILO)"
Yogur griego lima-limón Danone pack 4 x 110 g,https://www.dia.es/yogures-y-postres/griegos-y-mousse/p/301464,https://www.dia.es/product_images/301464/301464_ISO_0_ES.jpg?imwidth=392,"1,49 €",Grasas 6.2g de las cuales saturadas 4g Hidratos de Carbono 10.6g de los cuales azúcares 10.3g Proteínas 3.2g Sal 0.13g Calcio 128mg,No disponible,"(3,39 €/KILO)"
Yogur griego con manzana y canela Fidias de Dia pack 4 x 125 g,https://www.dia.es/yogures-y-postres/griegos-y-mousse/p/264770,https://www.dia.es/product_images/264770/264770_ISO_0_ES.jpg?imwidth=392,"1,75 €",Grasas 6.9g de las cuales saturadas 4.5g Hidratos de Carbono 13g de los cuales azúcares 12g Proteínas 2.2g Sal 0.07g,No disponible,"(3,50 €/KILO)"
Yogur griego con plátano y caramelo Fidias de Dia pack 4 x 125 g,https://www.dia.es/yogures-y-postres/griegos-y-mousse/p/264771,https://www.dia.es/product_images/264771/264771_ISO_0_ES.jpg?imwidth=392,"1,75 €",Grasas 7g de las cuales saturadas 4.5g Hidratos de Carbono 13g de los cuales azúcares 12g Proteínas 2.3g Sal 0.08g,No disponible,"(3,50 €/KILO)"
Yogur griego natural azucarado Oikos pack 4 x 110 g,https://www.dia.es/yogures-y-postres/griegos-y-mousse/p/165868,https://www.dia.es/product_images/165868/165868_ISO_0_ES.jpg?imwidth=392,"2,79 €",Grasas 9.5g de las cuales saturadas 6.4g Hidratos de Carbono 11.4g de los cuales azúcares 11.4g Proteínas 3.2g Sal 0.1g,No disponible,"(6,34 €/KILO)"
Yogur griego stracciatella Oikos pack 4 x 110 g,https://www.dia.es/yogures-y-postres/griegos-y-mousse/p/266733,https://www.dia.es/product_images/266733/266733_ISO_0_ES.jpg?imwidth=392,"2,79 €",Grasas 9.6g de las cuales saturadas 6.4g Hidratos de Carbono 18.1g de los cuales azúcares 17.8g Proteínas 2.8g Sal 0.1g Calcio 115mg,No disponible,"(6,34 €/KILO)"
Yogur griego tarta de arándanos Oikos pack 2 x 110 g,https://www.dia.es/yogures-y-postres/griegos-y-mousse/p/245399,https://www.dia.es/product_images/245399/245399_ISO_0_ES.jpg?imwidth=392,"1,79 €",Grasas 8g de las cuales saturadas 5.3g Hidratos de Carbono 16g de los cuales azúcares 15.2g Proteínas 2.8g Sal 0.09g,No disponible,"(8,14 €/KILO)"
Yogur griego con fresas Oikos pack 4 x 110 g,https://www.dia.es/yogures-y-postres/griegos-y-mousse/p/266732,https://www.dia.es/product_images/266732/266732_ISO_0_ES.jpg?imwidth=392,"2,79 €",Grasas 7.8g de las cuales saturadas 5.2g Hidratos de Carbono 15.2g de los cuales azúcares 14.7g Proteínas 2.8g Sal 0.09g,No disponible,"(6,34 €/KILO)"
Yogur natural Dia Láctea pack 8 x 125 g,https://www.dia.es/yogures-y-postres/yogures-naturales/p/272536,https://www.dia.es/product_images/272536/272536_ISO_0_ES.jpg?imwidth=392,"1,49 €",Grasas 3.5g de las cuales saturadas 2.3g Hidratos de Carbono 4.3g de los cuales azúcares 4.3g Proteínas 3.3g Sal 0.13g,No disponible,"(1,49 €/KILO)"
Yogur natural azucarado Dia Láctea pack 8 x 125 g,https://www.dia.es/yogures-y-postres/yogures-naturales/p/272537,https://www.dia.es/product_images/272537/272537_ISO_0_ES.jpg?imwidth=392,"1,49 €",Grasas 3g de las cuales saturadas 2.1g Hidratos de Carbono 11.6g de los cuales azúcares 11.6g Proteínas 3.1g Sal 0.12g,No disponible,"(1,49 €/KILO)"
Yogur natural con azúcar de caña Dia Láctea pack 8 x 125 g,https://www.dia.es/yogures-y-postres/yogures-naturales/p/272538,https://www.dia.es/product_images/272538/272538_ISO_0_ES.jpg?imwidth=392,"1,49 €",Grasas 3.5g de las cuales saturadas 2.3g Hidratos de Carbono 11.6g de los cuales azúcares 11.6g Proteínas 3.3g Sal 0.13g,No disponible,"(1,49 €/KILO)"
Yogur natural Danone pack 8 x 120 g,https://www.dia.es/yogures-y-postres/yogures-naturales/p/141743,https://www.dia.es/product_images/141743/141743_ISO_0_ES.jpg?imwidth=392,"1,99 €",Grasas 2.9g de las cuales saturadas 1.7g Hidratos de Carbono 4.3g de los cuales azúcares 4.3g Proteínas 3.3g Sal 0.12g Calcio 133mg,No disponible,"(2,07 €/KILO)"
Yogur natural azucarado Danone pack 8 x 120 g,https://www.dia.es/yogures-y-postres/yogures-naturales/p/42471,https://www.dia.es/product_images/42471/42471_ISO_0_ES.jpg?imwidth=392,"1,99 €",Grasas 2.2g de las cuales saturadas 1.5g Hidratos de Carbono 10g de los cuales azúcares 10g Proteínas 3g Sal 0.11g Calcio 118mg,No disponible,"(2,07 €/KILO)"
Yogur natural Danone pack 4 x 120 g,https://www.dia.es/yogures-y-postres/yogures-naturales/p/13963,https://www.dia.es/product_images/13963/13963_ISO_0_ES.jpg?imwidth=392,"1,00 €",Grasas 3.3g de las cuales saturadas 2g Hidratos de Carbono 4.3g de los cuales azúcares 4.3g Proteínas 3.3g Sal 0.11g Calcio 133mg,No disponible,"(2,08 €/KILO)"
Yogur natural líquido con azúcar de caña Dia Láctea botella 1 Kg,https://www.dia.es/yogures-y-postres/yogures-naturales/p/254924,https://www.dia.es/product_images/254924/254924_ISO_0_ES.jpg?imwidth=392,"1,45 €",Grasas 1g de las cuales saturadas 0.7g Hidratos de Carbono 12.2g de los cuales azúcares 12.2g Proteínas 2.7g Sal 0.1g,No disponible,"(1,45 €/KILO)"
Postre sin lactosa natural azucarado Dia Láctea pack 4 x 125 g,https://www.dia.es/yogures-y-postres/yogures-naturales/p/219339,https://www.dia.es/product_images/219339/219339_ISO_0_ES.jpg?imwidth=392,"1,55 €",Grasas 3g de las cuales saturadas 2g Hidratos de Carbono 10.8g de los cuales azúcares 10.8g Proteínas 3.3g Sal 0.12g,No disponible,"(3,10 €/KILO)"
Yogur natural azucarado Danone pack 4 x 120 g,https://www.dia.es/yogures-y-postres/yogures-naturales/p/13964,https://www.dia.es/product_images/13964/13964_ISO_0_ES.jpg?imwidth=392,"1,00 €",Grasas 2.2g de las cuales saturadas 1.5g Hidratos de Carbono 10g de los cuales azúcares 10g Proteínas 3g Sal 0.11g Calcio 118mg,No disponible,"(2,08 €/KILO)"
Yogur natural Danone pack 2 x 130 g,https://www.dia.es/yogures-y-postres/yogures-naturales/p/187508,https://www.dia.es/product_images/187508/187508_ISO_0_ES.jpg?imwidth=392,"2,05 €",Grasas 3.9g de las cuales saturadas 2.4g Hidratos de Carbono 4.1g de los cuales azúcares 4.1g Proteínas 3.2g Sal 0.1g Calcio 131mg,No disponible,"(7,88 €/KILO)"
Yogur natural de cabra Suerte Ampanera frasco 420 g,https://www.dia.es/yogures-y-postres/yogures-naturales/p/275737,https://www.dia.es/product_images/275737/275737_ISO_0_ES.jpg?imwidth=392,"3,15 €",Grasas 5.4g de las cuales saturadas 3.6g Hidratos de Carbono 3.9g de los cuales azúcares 2.2g Proteínas 3.6g Sal 0.11g,No disponible,"(7,50 €/KILO)"
Yogur sabores Dia Láctea pack 16 x 125 g,https://www.dia.es/yogures-y-postres/yogures-de-sabores-y-frutas/p/100604,https://www.dia.es/product_images/100604/100604_ISO_0_ES.jpg?imwidth=392,"2,60 €",Grasas 1.9g de las cuales saturadas 1.3g Hidratos de Carbono 11.3g de los cuales azúcares 11.3g Proteínas 3.1g Sal 0.1g,No disponible,"(1,30 €/KILO)"
Yogur de fresa líquido Dia Láctea pack 12 x 100 g,https://www.dia.es/yogures-y-postres/yogures-de-sabores-y-frutas/p/274134,https://www.dia.es/product_images/274134/274134_ISO_0_ES.jpg?imwidth=392,"2,39 €",Grasas 1.1g de las cuales saturadas 0.7g Hidratos de Carbono 11.5g de los cuales azúcares 11.3g Proteínas 2.5g Sal 0.11g,No disponible,"(1,99 €/KILO)"
Yogur sabor coco Dia Láctea pack 4 x 125 g,https://www.dia.es/yogures-y-postres/yogures-de-sabores-y-frutas/p/275848,https://www.dia.es/product_images/275848/275848_ISO_0_ES.jpg?imwidth=392,"0,79 €",Grasas 2g de las cuales saturadas 1.3g Hidratos de Carbono 11.3g de los cuales azúcares 11.3g Proteínas 3g Sal 0.12g,No disponible,"(1,58 €/KILO)"
Yogur líquido sabor fresa y plátano Dia Láctea botella 1 Kg,https://www.dia.es/yogures-y-postres/yogures-de-sabores-y-frutas/p/254923,https://www.dia.es/product_images/254923/254923_ISO_0_ES.jpg?imwidth=392,"1,45 €",Grasas 2g de las cuales saturadas 1.2g Hidratos de Carbono 11.4g de los cuales azúcares 11.2g Proteínas 2.6g Sal 0.12g,No disponible,"(1,45 €/KILO)"
Yogur sabor limón Dia Láctea pack 4 x 125 g,https://www.dia.es/yogures-y-postres/yogures-de-sabores-y-frutas/p/275849,https://www.dia.es/product_images/275849/275849_ISO_0_ES.jpg?imwidth=392,"0,79 €",Grasas 2g de las cuales saturadas 1.3g Hidratos de Carbono 11.3g de los cuales azúcares 11.3g Proteínas 3g Sal 0.12g,No disponible,"(1,58 €/KILO)"
Yogur con frutas Dia Láctea pack 8 x 125 g,https://www.dia.es/yogures-y-postres/yogures-de-sabores-y-frutas/p/14277,https://www.dia.es/product_images/14277/14277_ISO_0_ES.jpg?imwidth=392,"2,10 €",Grasas 3.5g de las cuales saturadas 2.3g Hidratos de Carbono 4.3g de los cuales azúcares 4.3g Proteínas 3.3g Sal 0.13g,No disponible,"(2,10 €/KILO)"
"Yogur sabor coco, fresa, frutos del bosque y macedonia Danone pack 8 x 120 g",https://www.dia.es/yogures-y-postres/yogures-de-sabores-y-frutas/p/187603,https://www.dia.es/product_images/187603/187603_ISO_0_ES.jpg?imwidth=392,"1,99 €",Grasas 2.2g de las cuales saturadas 1.5g Hidratos de Carbono 10g de los cuales azúcares 10g Proteínas 3g Sal 0.11g Calcio 118mg,No disponible,"(2,07 €/KILO)"
Yogur sabor fresa Danone pack 4 x 120 g,https://www.dia.es/yogures-y-postres/yogures-de-sabores-y-frutas/p/204987,https://www.dia.es/product_images/204987/204987_ISO_0_ES.jpg?imwidth=392,"1,00 €",Grasas 2.2g de las cuales saturadas 1.5g Hidratos de Carbono 10g de los cuales azúcares 10g Fibra alimentaria 0g Proteínas 3g Sal 0.11g Calcio 118mg Magnesio 0mg Zinc 0mg Cloro 0mg,No disponible,"(2,08 €/KILO)"
Yogur sabor fresa y plátano Dia Láctea pack 8 x 125 g,https://www.dia.es/yogures-y-postres/yogures-de-sabores-y-frutas/p/72791,https://www.dia.es/product_images/72791/72791_ISO_0_ES.jpg?imwidth=392,"1,59 €",Grasas 1.9g de las cuales saturadas 1.3g Hidratos de Carbono 11.3g de los cuales azúcares 11.3g Proteínas 3.1g Sal 0.1g,No disponible,"(1,59 €/KILO)"
Yogur líquido sabor fresa Dia Láctea botella 1 Kg,https://www.dia.es/yogures-y-postres/yogures-de-sabores-y-frutas/p/254922,https://www.dia.es/product_images/254922/254922_ISO_0_ES.jpg?imwidth=392,"1,45 €",Grasas 2g de las cuales saturadas 1.3g Hidratos de Carbono 11.2g de los cuales azúcares 11.1g Proteínas 2.7g Sal 0.13g,No disponible,"(1,45 €/KILO)"
Yogur sabor galleta Dia Láctea pack 4 x 125 g,https://www.dia.es/yogures-y-postres/yogures-de-sabores-y-frutas/p/275847,https://www.dia.es/product_images/275847/275847_ISO_0_ES.jpg?imwidth=392,"0,79 €",Grasas 2g de las cuales saturadas 1.3g Hidratos de Carbono 11.3g de los cuales azúcares 11.3g Proteínas 3g Sal 0.12g,No disponible,"(1,58 €/KILO)"
Yogur líquido sabor melocotón y maracuyá Dia Láctea botella 1 Kg,https://www.dia.es/yogures-y-postres/yogures-de-sabores-y-frutas/p/280177,https://www.dia.es/product_images/280177/280177_ISO_0_ES.jpg?imwidth=392,"1,45 €",Grasas 0.7g de las cuales saturadas 0.5g Hidratos de Carbono 12g de los cuales azúcares 12g Proteínas 2.7g Sal 0.1g,No disponible,"(1,45 €/KILO)"
Yogur líquido sabor piña y coco Dia Láctea botella 1 Kg,https://www.dia.es/yogures-y-postres/yogures-de-sabores-y-frutas/p/254921,https://www.dia.es/product_images/254921/254921_ISO_0_ES.jpg?imwidth=392,"1,45 €",Grasas 2g de las cuales saturadas 1.3g Hidratos de Carbono 10.8g de los cuales azúcares 10.6g Proteínas 2.6g Sal 0.13g,No disponible,"(1,45 €/KILO)"
Yogur sabor macedonia Danone pack 4 x 120 g,https://www.dia.es/yogures-y-postres/yogures-de-sabores-y-frutas/p/204988,https://www.dia.es/product_images/204988/204988_ISO_0_ES.jpg?imwidth=392,"1,00 €",Grasas 2.2g de las cuales saturadas 1.5g Hidratos de Carbono 10g de los cuales azúcares 10g Fibra alimentaria 0g Proteínas 3g Sal 0.11g Calcio 118mg Magnesio 0mg Zinc 0mg Cloro 0mg,No disponible,"(2,08 €/KILO)"
Yogur líquido sabor fresa y plátano Dia Láctea pack 4 x 180 g,https://www.dia.es/yogures-y-postres/yogures-de-sabores-y-frutas/p/205748,https://www.dia.es/product_images/205748/205748_ISO_0_ES.jpg?imwidth=392,"1,99 €",Grasas 0.8g de las cuales saturadas 0.5g Hidratos de Carbono 11.9g de los cuales azúcares 11.7g Proteínas 2.7g Sal 0.1g Calcio 120mg,No disponible,"(2,76 €/KILO)"
"Yogur sabor fresa, macedonia, limón y galleta Danone pack 8 x 120 g",https://www.dia.es/yogures-y-postres/yogures-de-sabores-y-frutas/p/123854,https://www.dia.es/product_images/123854/123854_ISO_0_ES.jpg?imwidth=392,"1,99 €",Grasas 2.2g de las cuales saturadas 1.5g Hidratos de Carbono 10g de los cuales azúcares 10g Proteínas 3g Sal 0.11g Calcio 118mg,No disponible,"(2,07 €/KILO)"
Yogur sabor coco Danone pack 4 x 125 g,https://www.dia.es/yogures-y-postres/yogures-de-sabores-y-frutas/p/204986,https://www.dia.es/product_images/204986/204986_ISO_0_ES.jpg?imwidth=392,"1,00 €",Grasas 2.2g de las cuales saturadas 1.5g Hidratos de Carbono 10g de los cuales azúcares 10g Fibra alimentaria 0g Proteínas 3g Sal 0.11g Calcio 118mg Magnesio 0mg Zinc 0mg Cloro 0mg,No disponible,"(2,08 €/KILO)"
Yogur sabor fresa Dia Láctea pack 4 x 125 g,https://www.dia.es/yogures-y-postres/yogures-de-sabores-y-frutas/p/5114,https://www.dia.es/product_images/5114/5114_ISO_0_ES.jpg?imwidth=392,"0,79 €",Grasas 2g de las cuales saturadas 1.3g Hidratos de Carbono 11.3g de los cuales azúcares 11.3g Proteínas 3g Sal 0.12g,No disponible,"(1,58 €/KILO)"
Yogur sabor plátano Dia Láctea pack 4 x 125 g,https://www.dia.es/yogures-y-postres/yogures-de-sabores-y-frutas/p/275251,https://www.dia.es/product_images/275251/275251_ISO_0_ES.jpg?imwidth=392,"0,79 €",Grasas 2g de las cuales saturadas 1.3g Hidratos de Carbono 11.3g de los cuales azúcares 11.3g Proteínas 3g Sal 0.12g,No disponible,"(1,58 €/KILO)"
Yogur cremoso con cereza y granola Dia Láctea vaso 230 g,https://www.dia.es/yogures-y-postres/yogures-de-sabores-y-frutas/p/295739,https://www.dia.es/product_images/295739/295739_ISO_0_ES.jpg?imwidth=392,"1,49 €",Grasas 5.8g de las cuales saturadas 3.8g Hidratos de Carbono 20.3g de los cuales azúcares 13.4g Proteínas 2.9g Sal 0.13g,No disponible,"(6,48 €/KILO)"
Petit de fresa y plátano Dia Láctea pack 6 x 50 g,https://www.dia.es/yogures-y-postres/yogures-infantiles/p/265288,https://www.dia.es/product_images/265288/265288_ISO_0_ES.jpg?imwidth=392,"0,97 €",Grasas 2.7g de las cuales saturadas 1.8g Hidratos de Carbono 11.6g de los cuales azúcares 10.9g Proteínas 6.9g Sal 0.1g,No disponible,"(3,23 €/KILO)"
Petit de fresa líquido Dia Láctea pack 4 x 80 g,https://www.dia.es/yogures-y-postres/yogures-infantiles/p/265284,https://www.dia.es/product_images/265284/265284_ISO_0_ES.jpg?imwidth=392,"1,89 €",Grasas 2.5g de las cuales saturadas 1.6g Hidratos de Carbono 12.1g de los cuales azúcares 11.3g Proteínas 4.4g Sal 0.1g Calcio 120mg,No disponible,"(5,91 €/KILO)"
Yogur de fresa líquido Danonino pack 4 x 70 g,https://www.dia.es/yogures-y-postres/yogures-infantiles/p/231491,https://www.dia.es/product_images/231491/231491_ISO_0_ES.jpg?imwidth=392,"2,59 €",Grasas 2.3g de las cuales saturadas 1.5g Hidratos de Carbono 11.6g de los cuales azúcares 9.9g Proteínas 3.6g Sal 0.09g Calcio 180mg,No disponible,"(9,25 €/KILO)"
Petit de fresa Dia Láctea pack 6 x 50 g,https://www.dia.es/yogures-y-postres/yogures-infantiles/p/265287,https://www.dia.es/product_images/265287/265287_ISO_0_ES.jpg?imwidth=392,"0,97 €",Grasas 2.7g de las cuales saturadas 1.8g Hidratos de Carbono 11.6g de los cuales azúcares 10.9g Proteínas 6.9g Sal 0.1g,No disponible,"(3,23 €/KILO)"
Petit de chocolate Nesquik pack 6 x 60 g,https://www.dia.es/yogures-y-postres/yogures-infantiles/p/27687,https://www.dia.es/product_images/27687/27687_ISO_0_ES.jpg?imwidth=392,"1,79 €",Grasas 6.9g de las cuales saturadas 4.5g Hidratos de Carbono 22.6g de los cuales azúcares 19g Fibra alimentaria 0.5g Proteínas 4.1g Sal 0.55g Calcio 218mg,No disponible,"(4,97 €/KILO)"
Petit de fresa Danonino pack 6 x 50 g,https://www.dia.es/yogures-y-postres/yogures-infantiles/p/12679,https://www.dia.es/product_images/12679/12679_ISO_0_ES.jpg?imwidth=392,"1,47 €",Grasas 2.1g de las cuales saturadas 1.5g Hidratos de Carbono 11.3g de los cuales azúcares 9.9g Proteínas 5.9g Sal 0.09g Calcio 194mg,No disponible,"(4,90 €/KILO)"
Yogur azucarado y galleta con chocolate blanco Reina pack 2 x 143 g,https://www.dia.es/yogures-y-postres/yogures-infantiles/p/203641,https://www.dia.es/product_images/203641/203641_ISO_0_ES.jpg?imwidth=392,"1,89 €",Grasas 5.1g de las cuales saturadas 2.7g Hidratos de Carbono 20.1g de los cuales azúcares 12g Proteínas 4g Sal 0.1g,No disponible,"(6,61 €/KILO)"
Yogur azucarado y trocitos de galleta con chocolate Nestlé pack 2 x 115 g,https://www.dia.es/yogures-y-postres/yogures-infantiles/p/131232,https://www.dia.es/product_images/131232/131232_ISO_0_ES.jpg?imwidth=392,"1,99 €",Grasas 8g de las cuales saturadas 4.8g Hidratos de Carbono 21.2g de los cuales azúcares 19.1g Fibra alimentaria 0.5g Proteínas 4.9g Sal 0.16g Calcio 155mg,No disponible,"(8,65 €/KILO)"
Yogur con fresas y grageas de chocolate con leche Nestlé pack 2 x 128 g,https://www.dia.es/yogures-y-postres/yogures-infantiles/p/132719,https://www.dia.es/product_images/132719/132719_ISO_0_ES.jpg?imwidth=392,"1,99 €",Grasas 4.6g de las cuales saturadas 3g Hidratos de Carbono 15.2g de los cuales azúcares 14.4g Fibra alimentaria 0.2g Proteínas 4.3g Sal 0.17g Calcio 120mg,No disponible,"(8,65 €/KILO)"
Petit de fresa y plátano Dia Láctea pack 4 x 100 g,https://www.dia.es/yogures-y-postres/yogures-infantiles/p/265286,https://www.dia.es/product_images/265286/265286_ISO_0_ES.jpg?imwidth=392,"1,28 €",Grasas 2.7g de las cuales saturadas 1.8g Hidratos de Carbono 12g de los cuales azúcares 12g Proteínas 5.5g Sal 0.1g Calcio 240mg,No disponible,"(3,20 €/KILO)"
Petit de fresa y plátano Danonino pack 6 x 50 g,https://www.dia.es/yogures-y-postres/yogures-infantiles/p/203876,https://www.dia.es/product_images/203876/203876_ISO_0_ES.jpg?imwidth=392,"1,47 €",Grasas 2.3g de las cuales saturadas 1.5g Hidratos de Carbono 11g de los cuales azúcares 10g Proteínas 6.1g Sal 0.11g Calcio 180mg,No disponible,"(4,90 €/KILO)"
Petit de fresa Dia Láctea pack 4 x 100 g,https://www.dia.es/yogures-y-postres/yogures-infantiles/p/265285,https://www.dia.es/product_images/265285/265285_ISO_0_ES.jpg?imwidth=392,"1,28 €",Grasas 2.7g de las cuales saturadas 1.8g Hidratos de Carbono 12g de los cuales azúcares 12g Proteínas 5.5g Sal 0.11g Calcio 240mg,No disponible,"(3,20 €/KILO)"
Yogur desnatado con frutas Dia Láctea pack 8 x 125 g,https://www.dia.es/yogures-y-postres/yogures-desnatados/p/5684,https://www.dia.es/product_images/5684/5684_ISO_0_ES.jpg?imwidth=392,"2,05 €",Grasas 1g de las cuales saturadas 0.7g Hidratos de Carbono 12.2g de los cuales azúcares 12.2g Proteínas 2.7g Sal 0.1g,No disponible,"(2,05 €/KILO)"
"Yogur desnatado sabor limón, fresa y piña Dia Láctea pack 6 x 125 g",https://www.dia.es/yogures-y-postres/yogures-desnatados/p/145652,https://www.dia.es/product_images/145652/145652_ISO_0_ES.jpg?imwidth=392,"1,39 €",Grasas 0.1g de las cuales saturadas 0.1g Hidratos de Carbono 5.6g de los cuales azúcares 5.6g Proteínas 3.9g Sal 0.15g,No disponible,"(1,85 €/KILO)"
Yogur natural desnatado edulcorado Dia Láctea pack 6 x 125 g,https://www.dia.es/yogures-y-postres/yogures-desnatados/p/128592,https://www.dia.es/product_images/128592/128592_ISO_0_ES.jpg?imwidth=392,"1,05 €",Grasas 0.1g de las cuales saturadas 0.1g Hidratos de Carbono 5.6g de los cuales azúcares 5.6g Proteínas 3.9g Sal 0.15g,No disponible,"(1,40 €/KILO)"
Yogur natural desnatado Dia Láctea pack 6 x 125 g,https://www.dia.es/yogures-y-postres/yogures-desnatados/p/128591,https://www.dia.es/product_images/128591/128591_ISO_0_ES.jpg?imwidth=392,"1,05 €",Grasas 0.1g de las cuales saturadas 0.1g Hidratos de Carbono 5.6g de los cuales azúcares 5.6g Proteínas 3.9g Sal 0.15g,No disponible,"(1,40 €/KILO)"
Yogur desnatado sabor fresa zero Danone pack 4 x 120 g,https://www.dia.es/yogures-y-postres/yogures-desnatados/p/303024,https://www.dia.es/product_images/303024/303024_ISO_0_ES.jpg?imwidth=392,"1,29 €",Grasas 0.1g de las cuales saturadas 0g Hidratos de Carbono 5.2g de los cuales azúcares 5.1g Proteínas 4.1g Sal 0.16g,No disponible,"(2,69 €/KILO)"
Yogur natural desnatado zero Danone pack 4 x 120 g,https://www.dia.es/yogures-y-postres/yogures-desnatados/p/303015,https://www.dia.es/product_images/303015/303015_ISO_0_ES.jpg?imwidth=392,"1,29 €",Grasas 0.4g de las cuales saturadas 0.2g Hidratos de Carbono 4.7g de los cuales azúcares 4.7g Proteínas 3.9g Sal 0.15g,No disponible,"(2,69 €/KILO)"
Cremoso con mango Bífidus Dia pack 4 x 125 g,https://www.dia.es/yogures-y-postres/yogures-bifidus-y-colesterol/p/186089,https://www.dia.es/product_images/186089/186089_ISO_0_ES.jpg?imwidth=392,"1,00 €",Grasas 2g de las cuales saturadas 1.3g Hidratos de Carbono 13g de los cuales azúcares 12g Proteínas 4.4g Sal 0.15g,No disponible,"(2,00 €/KILO)"
Yogur líquido de fresa y plátano/coco y piña L-Casei Dia pack 12 x 100 g,https://www.dia.es/yogures-y-postres/yogures-bifidus-y-colesterol/p/101846,https://www.dia.es/product_images/101846/101846_ISO_0_ES.jpg?imwidth=392,"2,35 €",Grasas 1.6g de las cuales saturadas 1g Hidratos de Carbono 10.7g de los cuales azúcares 10.5g Proteínas 2.6g Sal 0.11g,No disponible,"(1,96 €/KILO)"
Cremoso desnatado con nueces y cereales Bífidus Dia pack 4 x 125 g,https://www.dia.es/yogures-y-postres/yogures-bifidus-y-colesterol/p/252335,https://www.dia.es/product_images/252335/252335_ISO_0_ES.jpg?imwidth=392,"1,29 €",Grasas 0.3g de las cuales saturadas 0g Hidratos de Carbono 7.7g de los cuales azúcares 6.4g Proteínas 4.8g Sal 0.12g,No disponible,"(2,58 €/KILO)"
Cremoso desnatado con ciruela y kiwi Bífidus Dia pack 4 x 125 g,https://www.dia.es/yogures-y-postres/yogures-bifidus-y-colesterol/p/262831,https://www.dia.es/product_images/262831/262831_ISO_0_ES.jpg?imwidth=392,"1,00 €",Grasas 0.5g de las cuales saturadas 0.4g Hidratos de Carbono 6.7g de los cuales azúcares 6.1g Proteínas 4.7g Sal 0.17g,No disponible,"(2,00 €/KILO)"
Cremoso desnatado con piña y coco Bífidus Dia pack 4 x 125 g,https://www.dia.es/yogures-y-postres/yogures-bifidus-y-colesterol/p/262835,https://www.dia.es/product_images/262835/262835_ISO_0_ES.jpg?imwidth=392,"1,00 €",Grasas 0.5g de las cuales saturadas 0.4g Hidratos de Carbono 6.7g de los cuales azúcares 6.1g Proteínas 4.7g Sal 0.17g,No disponible,"(2,00 €/KILO)"
Yogur líquido de fresa L-Casei Dia pack 12 x 100 g,https://www.dia.es/yogures-y-postres/yogures-bifidus-y-colesterol/p/19326,https://www.dia.es/product_images/19326/19326_ISO_0_ES.jpg?imwidth=392,"2,35 €",Grasas 1.4g de las cuales saturadas 0.9g Hidratos de Carbono 10.6g de los cuales azúcares 10.5g Proteínas 2.6g Sal 0.11g,No disponible,"(1,96 €/KILO)"
Yogur líquido natural L-Casei Dia pack 6 x 100 g,https://www.dia.es/yogures-y-postres/yogures-bifidus-y-colesterol/p/301949,https://www.dia.es/product_images/301949/301949_ISO_0_ES.jpg?imwidth=392,"1,29 €",Grasas 1.4g de las cuales saturadas 0.9g Hidratos de Carbono 9.8g de los cuales azúcares 9.8g Proteínas 2.7g Sal 0.11g,No disponible,"(2,15 €/KILO)"
Cremoso sabor vainilla Bífidus Dia pack 4 x 125 g,https://www.dia.es/yogures-y-postres/yogures-bifidus-y-colesterol/p/262824,https://www.dia.es/product_images/262824/262824_ISO_0_ES.jpg?imwidth=392,"1,29 €",Grasas 2.9g de las cuales saturadas 1.9g Hidratos de Carbono 10g de los cuales azúcares 10g Proteínas 5.2g Sal 0.17g,No disponible,"(2,58 €/KILO)"
Cremoso desnatado con fresa Bífidus Dia pack 4 x 125 g,https://www.dia.es/yogures-y-postres/yogures-bifidus-y-colesterol/p/42065,https://www.dia.es/product_images/42065/42065_ISO_0_ES.jpg?imwidth=392,"1,29 €",Hidratos de Carbono 6.4g de los cuales azúcares 5.9g Proteínas 4.7g Sal 0.17g,No disponible,"(2,58 €/KILO)"
Bebida láctea natural Danacol pack 12 x 100 g,https://www.dia.es/yogures-y-postres/yogures-bifidus-y-colesterol/p/123474,https://www.dia.es/product_images/123474/123474_ISO_0_ES.jpg?imwidth=392,"7,29 €",Grasas 1.1g de las cuales saturadas 0.1g Hidratos de Carbono 4.2g de los cuales azúcares 4g Proteínas 3.2g Sal 0.14g,No disponible,"(6,08 €/KILO)"
Cremoso con fresa y nueces Bífidus Dia pack 4 x 125 g,https://www.dia.es/yogures-y-postres/yogures-bifidus-y-colesterol/p/262839,https://www.dia.es/product_images/262839/262839_ISO_0_ES.jpg?imwidth=392,"1,29 €",Grasas 2.4g de las cuales saturadas 1.3g Hidratos de Carbono 13g de los cuales azúcares 13g Proteínas 4.5g Sal 0.15g,No disponible,"(2,58 €/KILO)"
Bebida láctea de fresa Danacol pack 12 x 100 g,https://www.dia.es/yogures-y-postres/yogures-bifidus-y-colesterol/p/123683,https://www.dia.es/product_images/123683/123683_ISO_0_ES.jpg?imwidth=392,"7,29 €",Grasas 1.1g de las cuales saturadas 0.1g Hidratos de Carbono 4.3g de los cuales azúcares 4.1g Proteínas 3.2g Sal 0.14g,No disponible,"(6,08 €/KILO)"
Cremoso lima y limón Bífidus Dia pack 4 x 125 g,https://www.dia.es/yogures-y-postres/yogures-bifidus-y-colesterol/p/262826,https://www.dia.es/product_images/262826/262826_ISO_0_ES.jpg?imwidth=392,"1,29 €",Grasas 2g de las cuales saturadas 1.3g Hidratos de Carbono 12g de los cuales azúcares 12g Proteínas 4.3g Sal 0.14g,No disponible,"(2,58 €/KILO)"
Cremoso natural desnatado Bífidus Dia pack 8 x 125 g,https://www.dia.es/yogures-y-postres/yogures-bifidus-y-colesterol/p/113374,https://www.dia.es/product_images/113374/113374_ISO_0_ES.jpg?imwidth=392,"1,99 €",Grasas 0.1g de las cuales saturadas 0.1g Hidratos de Carbono 5.6g de los cuales azúcares 5.6g Proteínas 3.9g Sal 0.15g,No disponible,"(1,99 €/KILO)"
Cremoso desnatado con melocotón Bífidus Dia pack 4 x 125 g,https://www.dia.es/yogures-y-postres/yogures-bifidus-y-colesterol/p/262830,https://www.dia.es/product_images/262830/262830_ISO_0_ES.jpg?imwidth=392,"1,29 €",Grasas 0g de las cuales saturadas 0g Hidratos de Carbono 6.7g de los cuales azúcares 6.5g Proteínas 4.7g Sal 0.17g,No disponible,"(2,58 €/KILO)"
Cremoso natural desnatado edulcorado Bífidus Dia pack 4 x 125 g,https://www.dia.es/yogures-y-postres/yogures-bifidus-y-colesterol/p/262823,https://www.dia.es/product_images/262823/262823_ISO_0_ES.jpg?imwidth=392,"1,09 €",Grasas 2g de las cuales saturadas 1.3g Hidratos de Carbono 6.6g de los cuales azúcares 6.6g Proteínas 5.4g Sal 0.19g,No disponible,"(2,18 €/KILO)"
Yogur líquido natural Actimel pack 12 x 100 g,https://www.dia.es/yogures-y-postres/yogures-bifidus-y-colesterol/p/33057,https://www.dia.es/product_images/33057/33057_ISO_0_ES.jpg?imwidth=392,"5,99 €",Grasas 1.6g de las cuales saturadas 1.1g Hidratos de Carbono 10.8g de los cuales azúcares 10.8g Proteínas 3g Ácido Fólico 30µg Sal 0.1g Calcio 120mg Hierro 2.1mg Zinc 1.5mg,No disponible,"(4,99 €/KILO)"
"Cremoso desnatado con fresa, kiwi, piña y ciruela Bífidus Dia pack 8 x 125 g",https://www.dia.es/yogures-y-postres/yogures-bifidus-y-colesterol/p/209794,https://www.dia.es/product_images/209794/209794_ISO_0_ES.jpg?imwidth=392,"2,59 €",Grasas 0.3g Hidratos de Carbono 7.7g de los cuales azúcares 6.4g Proteínas 4.8g Sal 0.12g,No disponible,"(2,59 €/KILO)"
"Cremoso desnatado con semillas, cereales y avellanas Bífidus Dia pack 4 x 125 g",https://www.dia.es/yogures-y-postres/yogures-bifidus-y-colesterol/p/253796,https://www.dia.es/product_images/253796/253796_ISO_0_ES.jpg?imwidth=392,"1,29 €",Grasas 1.4g de las cuales saturadas 0.9g Hidratos de Carbono 9.8g de los cuales azúcares 9.8g Proteínas 2.7g Sal 0.11g,No disponible,"(2,58 €/KILO)"
Cremoso natural Bífidus Dia pack 4 x 125 g,https://www.dia.es/yogures-y-postres/yogures-bifidus-y-colesterol/p/262822,https://www.dia.es/product_images/262822/262822_ISO_0_ES.jpg?imwidth=392,"1,09 €",Grasas 2.9g de las cuales saturadas 1.9g Hidratos de Carbono 10g de los cuales azúcares 10g Proteínas 5.2g Sal 0.17g,No disponible,"(2,18 €/KILO)"
Bífidus desnatado con ciruelas Activia pack 4 x 120 g,https://www.dia.es/yogures-y-postres/yogures-bifidus-y-colesterol/p/84893,https://www.dia.es/product_images/84893/84893_ISO_0_ES.jpg?imwidth=392,"2,49 €",Grasas 0.1g de las cuales saturadas 0g Hidratos de Carbono 8.4g de los cuales azúcares 7.7g Proteínas 4.4g Sal 0.13g Calcio 170mg,No disponible,"(5,19 €/KILO)"
Bífidus desnatado con kiwi Activia pack 4 x 120 g,https://www.dia.es/yogures-y-postres/yogures-bifidus-y-colesterol/p/69413,https://www.dia.es/product_images/69413/69413_ISO_0_ES.jpg?imwidth=392,"2,49 €",Grasas 0.1g de las cuales saturadas 0g Hidratos de Carbono 6.4g de los cuales azúcares 6.1g Proteínas 4.6g Sal 0.15g Calcio 172mg,No disponible,"(5,19 €/KILO)"
Cremoso con fibra y cereales Bífidus Dia pack 4 x 125 g,https://www.dia.es/yogures-y-postres/yogures-bifidus-y-colesterol/p/66642,https://www.dia.es/product_images/66642/66642_ISO_0_ES.jpg?imwidth=392,"1,29 €",Grasas 2.6g de las cuales saturadas 1.7g Hidratos de Carbono 14.7g de los cuales azúcares 11.6g Proteínas 3.1g Sal 0.1g,No disponible,"(2,58 €/KILO)"
Bebida láctea de fresa Danacol pack 6 x 100 g,https://www.dia.es/yogures-y-postres/yogures-bifidus-y-colesterol/p/6527,https://www.dia.es/product_images/6527/6527_ISO_0_ES.jpg?imwidth=392,"4,49 €",Grasas 1.1g de las cuales saturadas 0.1g Hidratos de Carbono 4.3g de los cuales azúcares 4.1g Proteínas 3.2g Sal 0.14g,No disponible,"(7,48 €/KILO)"
Bífidus sabor mango y papaya con soja Activia pack 4 x 120 g,https://www.dia.es/yogures-y-postres/yogures-bifidus-y-colesterol/p/59554,https://www.dia.es/product_images/59554/59554_ISO_0_ES.jpg?imwidth=392,"2,49 €",Grasas 3.4g de las cuales saturadas 2.1g Hidratos de Carbono 13.1g de los cuales azúcares 12.9g Proteínas 3.9g Sal 0.13g Calcio 130mg,No disponible,"(5,19 €/KILO)"
Bífidus natural Activia pack 4 x 120 g,https://www.dia.es/yogures-y-postres/yogures-bifidus-y-colesterol/p/590,https://www.dia.es/product_images/590/590_ISO_0_ES.jpg?imwidth=392,"2,00 €",Grasas 3.8g de las cuales saturadas 2.3g Hidratos de Carbono 3.9g de los cuales azúcares 3.9g Proteínas 3.3g Sal 0.1g Calcio 120mg,No disponible,"(4,17 €/KILO)"
Bífidus desnatado con muesli Activia pack 4 x 115 g,https://www.dia.es/yogures-y-postres/yogures-bifidus-y-colesterol/p/55658,https://www.dia.es/product_images/55658/55658_ISO_0_ES.jpg?imwidth=392,"2,79 €",Grasas 0.4g de las cuales saturadas 0g Hidratos de Carbono 6.2g de los cuales azúcares 4.8g Fibra alimentaria 0.8g Proteínas 4.5g Sal 0.1g Calcio 100mg,No disponible,"(6,07 €/KILO)"
Bífidus con pera Activia pack 4 x 120 g,https://www.dia.es/yogures-y-postres/yogures-bifidus-y-colesterol/p/50719,https://www.dia.es/product_images/50719/50719_ISO_0_ES.jpg?imwidth=392,"2,49 €",Grasas 2.8g de las cuales saturadas 1.7g Hidratos de Carbono 12.3g de los cuales azúcares 11.8g Proteínas 3.6g Sal 0.1g Calcio 137mg,No disponible,"(5,19 €/KILO)"
Bífidus con frutos del bosque Activia pack 4 x 120 g,https://www.dia.es/yogures-y-postres/yogures-bifidus-y-colesterol/p/50692,https://www.dia.es/product_images/50692/50692_ISO_0_ES.jpg?imwidth=392,"2,49 €",Grasas 2.8g de las cuales saturadas 1.7g Hidratos de Carbono 11.6g de los cuales azúcares 11.2g Proteínas 3.6g Sal 0.1g Calcio 142mg,No disponible,"(5,19 €/KILO)"
Yogur desnatado líquido natural Actimel pack 6+2 x 100 g,https://www.dia.es/yogures-y-postres/yogures-bifidus-y-colesterol/p/38101,https://www.dia.es/product_images/38101/38101_ISO_0_ES.jpg?imwidth=392,"3,99 €",Grasas 0.4g de las cuales saturadas 0.2g Hidratos de Carbono 4g de los cuales azúcares 4g Fibra alimentaria 0g Proteínas 2.8g Ácido Fólico 30µg Sal 0.1g Calcio 120mg Hierro 2.1mg Magnesio 0mg Zinc 1.5mg Cloro 0mg,No disponible,"(6,65 €/KILO)"
Bífidus natural desnatado Activia pack 4 x 120 g,https://www.dia.es/yogures-y-postres/yogures-bifidus-y-colesterol/p/3211,https://www.dia.es/product_images/3211/3211_ISO_0_ES.jpg?imwidth=392,"2,00 €",Grasas 0.4g de las cuales saturadas 0.2g Hidratos de Carbono 5g de los cuales azúcares 5g Proteínas 4g Sal 0.2g Calcio 120mg Cloro 100mg,No disponible,"(4,17 €/KILO)"
Yogur desnatado líquido de fresa L-Casei Dia pack 6 x 100 g,https://www.dia.es/yogures-y-postres/yogures-bifidus-y-colesterol/p/301948,https://www.dia.es/product_images/301948/301948_ISO_0_ES.jpg?imwidth=392,"1,35 €",Grasas 0.1g de las cuales saturadas 0.1g Hidratos de Carbono 4.1g de los cuales azúcares 4g Proteínas 2.9g Sal 0.12g,No disponible,"(2,25 €/KILO)"
Bífidus cremoso sabor fresa Activia pack 4 x 115 g,https://www.dia.es/yogures-y-postres/yogures-bifidus-y-colesterol/p/300787,https://www.dia.es/product_images/300787/300787_ISO_0_ES.jpg?imwidth=392,"2,00 €",Grasas 3g de las cuales saturadas 1.8g Hidratos de Carbono 12.9g de los cuales azúcares 12.5g Proteínas 3.7g Sal 0.1g Calcio 153mg,No disponible,"(4,35 €/KILO)"
Bífidus natural desnatado Activia pack 8 x 120 g,https://www.dia.es/yogures-y-postres/yogures-bifidus-y-colesterol/p/300743,https://www.dia.es/product_images/300743/300743_ISO_0_ES.jpg?imwidth=392,"3,59 €",Grasas 0.4g de las cuales saturadas 0.2g Hidratos de Carbono 5g de los cuales azúcares 5g Proteínas 4g Sal 0.15g Calcio 120mg Cloro 100mg,No disponible,"(3,74 €/KILO)"
Yogur desnatado líquido de fresa Actimel pack 6 x 100 g,https://www.dia.es/yogures-y-postres/yogures-bifidus-y-colesterol/p/28919,https://www.dia.es/product_images/28919/28919_ISO_0_ES.jpg?imwidth=392,"3,99 €",Grasas 0.4g de las cuales saturadas 0.2g Hidratos de Carbono 4.1g de los cuales azúcares 3.9g Proteínas 2.7g Ácido Fólico 30µg Sal 0.1g Hierro 2.1mg Zinc 1.5mg,No disponible,"(6,65 €/KILO)"
Yogur líquido natural Actimel pack 6 x 100 g,https://www.dia.es/yogures-y-postres/yogures-bifidus-y-colesterol/p/28356,https://www.dia.es/product_images/28356/28356_ISO_0_ES.jpg?imwidth=392,"3,99 €",Grasas 1.6g de las cuales saturadas 1.1g Hidratos de Carbono 10.8g de los cuales azúcares 10.8g Proteínas 3g Ácido Fólico 30µg Sal 0.1g Calcio 120mg Hierro 2.1mg Zinc 1.5mg,No disponible,"(6,65 €/KILO)"
Cremoso con manzanas asadas Bífidus Dia pack 4 x 125 g,https://www.dia.es/yogures-y-postres/yogures-bifidus-y-colesterol/p/262825,https://www.dia.es/product_images/262825/262825_ISO_0_ES.jpg?imwidth=392,"1,29 €",Grasas 2g de las cuales saturadas 1.3g Hidratos de Carbono 13g de los cuales azúcares 13g Proteínas 4.4g Sal 0.15g,No disponible,"(2,58 €/KILO)"
Bífidus desnatado con semillas chía y almendras Activia pack 4 x 115 g,https://www.dia.es/yogures-y-postres/yogures-bifidus-y-colesterol/p/260013,https://www.dia.es/product_images/260013/260013_ISO_0_ES.jpg?imwidth=392,"2,79 €",Grasas 0.8g de las cuales saturadas 0.1g Hidratos de Carbono 6g de los cuales azúcares 4.8g Fibra alimentaria 0.8g Proteínas 4.7g Sal 0.1g Calcio 170mg,No disponible,"(6,07 €/KILO)"
Cremoso desnatado con pera Bífidus Dia pack 4 x 125 g,https://www.dia.es/yogures-y-postres/yogures-bifidus-y-colesterol/p/23674,https://www.dia.es/product_images/23674/23674_ISO_0_ES.jpg?imwidth=392,"1,29 €",Grasas 0g de las cuales saturadas 0g Hidratos de Carbono 6.9g de los cuales azúcares 6.3g Proteínas 4.7g Sal 0.17g,No disponible,"(2,58 €/KILO)"
Bífidus desnatado con lima y limón Activia pack 4 x 120 g,https://www.dia.es/yogures-y-postres/yogures-bifidus-y-colesterol/p/232506,https://www.dia.es/product_images/232506/232506_ISO_0_ES.jpg?imwidth=392,"2,49 €",Grasas 0.1g de las cuales saturadas 0g Hidratos de Carbono 6g de los cuales azúcares 5.7g Proteínas 4.6g Sal 0.2g Calcio 177mg,No disponible,"(5,19 €/KILO)"
Bífidus con avena y nueces Activia pack 4 x 115 g,https://www.dia.es/yogures-y-postres/yogures-bifidus-y-colesterol/p/221417,https://www.dia.es/product_images/221417/221417_ISO_0_ES.jpg?imwidth=392,"2,79 €",Grasas 3.1g de las cuales saturadas 1.7g Hidratos de Carbono 12.9g de los cuales azúcares 11.5g Fibra alimentaria 1.5g Proteínas 4.2g Sal 0.14g Calcio 138mg,No disponible,"(6,07 €/KILO)"
Yogur líquido de fresa Actimel pack 6 x 100 g,https://www.dia.es/yogures-y-postres/yogures-bifidus-y-colesterol/p/22022,https://www.dia.es/product_images/22022/22022_ISO_0_ES.jpg?imwidth=392,"3,99 €",Grasas 1.5g de las cuales saturadas 1g Hidratos de Carbono 12g de los cuales azúcares 11.9g Proteínas 2.9g Ácido Fólico 30µg Sal 0.1g Calcio 120mg Hierro 2.1mg Zinc 1.5mg,No disponible,"(6,65 €/KILO)"
Bífidus desnatado sabor vainilla Activia vaso 4 x 120 g,https://www.dia.es/yogures-y-postres/yogures-bifidus-y-colesterol/p/218459,https://www.dia.es/product_images/218459/218459_ISO_0_ES.jpg?imwidth=392,"2,00 €",Grasas 0.1g de las cuales saturadas 0g Hidratos de Carbono 6g de los cuales azúcares 5.8g Proteínas 4.7g Sal 0.15g Calcio 191mg,No disponible,"(4,17 €/KILO)"
Bífidus desnatado sabor mango Activia pack 4 x 115 g,https://www.dia.es/yogures-y-postres/yogures-bifidus-y-colesterol/p/184513,https://www.dia.es/product_images/184513/184513_ISO_0_ES.jpg?imwidth=392,"2,00 €",Grasas 0.1g de las cuales saturadas 0g Hidratos de Carbono 6g de los cuales azúcares 5.7g Proteínas 4.7g Sal 0.15g Calcio 191mg,No disponible,"(4,35 €/KILO)"
Bífidus desnatado sabor frutas silvestres Activia pack 4 x 115 g,https://www.dia.es/yogures-y-postres/yogures-bifidus-y-colesterol/p/178096,https://www.dia.es/product_images/178096/178096_ISO_0_ES.jpg?imwidth=392,"2,00 €",Grasas 0.1g de las cuales saturadas 0g Hidratos de Carbono 6.1g de los cuales azúcares 5.8g Proteínas 4.7g Sal 0.15g Calcio 190mg,No disponible,"(4,35 €/KILO)"
Bífidus cremoso de lima-limón Activia pack 4 x 115 g,https://www.dia.es/yogures-y-postres/yogures-bifidus-y-colesterol/p/178095,https://www.dia.es/product_images/178095/178095_ISO_0_ES.jpg?imwidth=392,"2,00 €",Grasas 3g de las cuales saturadas 1.8g Hidratos de Carbono 12.8g de los cuales azúcares 12.5g Proteínas 3.8g Sal 0.12g Calcio 155mg,No disponible,"(4,35 €/KILO)"
Bífidus desnatado con frutos rojos Activia pack 4 x 120 g,https://www.dia.es/yogures-y-postres/yogures-bifidus-y-colesterol/p/165504,https://www.dia.es/product_images/165504/165504_ISO_0_ES.jpg?imwidth=392,"2,49 €",Grasas 0.1g de las cuales saturadas 0g Hidratos de Carbono 6.1g de los cuales azúcares 5.7g Proteínas 4.4g Sal 0.15g Calcio 170mg,No disponible,"(5,19 €/KILO)"
Bífidus desnatado con piña Activia pack 4 x 120 g,https://www.dia.es/yogures-y-postres/yogures-bifidus-y-colesterol/p/165503,https://www.dia.es/product_images/165503/165503_ISO_0_ES.jpg?imwidth=392,"2,49 €",Grasas 0.1g de las cuales saturadas 0g Hidratos de Carbono 6.9g de los cuales azúcares 6.7g Proteínas 4.4g Sal 0.13g Calcio 160mg,No disponible,"(5,19 €/KILO)"
Bebida láctea natural Danacol pack 6 x 100 g,https://www.dia.es/yogures-y-postres/yogures-bifidus-y-colesterol/p/165040,https://www.dia.es/product_images/165040/165040_ISO_0_ES.jpg?imwidth=392,"4,49 €",Grasas 1.1g de las cuales saturadas 0.1g Hidratos de Carbono 4.2g de los cuales azúcares 4g Proteínas 3.2g Sal 0.14g,No disponible,"(7,48 €/KILO)"
Yogur desnatado líquido natural Actimel pack 12 x 100 g,https://www.dia.es/yogures-y-postres/yogures-bifidus-y-colesterol/p/151109,https://www.dia.es/product_images/151109/151109_ISO_0_ES.jpg?imwidth=392,"5,99 €",Grasas 0.4g de las cuales saturadas 0.2g Hidratos de Carbono 3.6g de los cuales azúcares 3.5g Proteínas 3g Ácido Fólico 30µg Sal 0.1g Calcio 120mg Hierro 2.1mg Zinc 1.5mg,No disponible,"(4,99 €/KILO)"
Bífidus desnatado con melocotón Activia pack 4 x 120 g,https://www.dia.es/yogures-y-postres/yogures-bifidus-y-colesterol/p/132567,https://www.dia.es/product_images/132567/132567_ISO_0_ES.jpg?imwidth=392,"2,49 €",Grasas 0.1g de las cuales saturadas 0g Hidratos de Carbono 6.4g de los cuales azúcares 6g Proteínas 4.4g Sal 0.15g Calcio 170mg,No disponible,"(5,19 €/KILO)"
Bífidus con mango Activia pack 4 x 120 g,https://www.dia.es/yogures-y-postres/yogures-bifidus-y-colesterol/p/132519,https://www.dia.es/product_images/132519/132519_ISO_0_ES.jpg?imwidth=392,"2,49 €",Grasas 2.9g de las cuales saturadas 1.7g Hidratos de Carbono 11.4g de los cuales azúcares 11.1g Proteínas 3.6g Sal 0.1g Calcio 132mg,No disponible,"(5,19 €/KILO)"
Bífidus natural desnatado edulcorado Activia pack 4 x 120 g,https://www.dia.es/yogures-y-postres/yogures-bifidus-y-colesterol/p/131767,https://www.dia.es/product_images/131767/131767_ISO_0_ES.jpg?imwidth=392,"2,00 €",Grasas 0.4g de las cuales saturadas 0.2g Hidratos de Carbono 7g de los cuales azúcares 7g Proteínas 3.9g Sal 0.15g Calcio 120mg Cloro 100mg,No disponible,"(4,17 €/KILO)"
Yogur líquido de fresa Actimel pack 12 x 100 g,https://www.dia.es/yogures-y-postres/yogures-bifidus-y-colesterol/p/131735,https://www.dia.es/product_images/131735/131735_ISO_0_ES.jpg?imwidth=392,"5,99 €",Grasas 1.4g de las cuales saturadas 1g Hidratos de Carbono 10.5g de los cuales azúcares 10g Proteínas 2.8g Sal 0.1g Calcio 120mg,No disponible,"(4,99 €/KILO)"
Bífidus natural desnatado edulcorado Activia vaso 8 x 120 g,https://www.dia.es/yogures-y-postres/yogures-bifidus-y-colesterol/p/117866,https://www.dia.es/product_images/117866/117866_ISO_0_ES.jpg?imwidth=392,"3,59 €",Grasas 0.4g de las cuales saturadas 0.2g Hidratos de Carbono 7g de los cuales azúcares 7g Proteínas 3.9g Sal 0.15g Calcio 120mg Cloro 100mg,No disponible,"(3,74 €/KILO)"
Bífidus natural Activia pack 8 x 120 g,https://www.dia.es/yogures-y-postres/yogures-bifidus-y-colesterol/p/117865,https://www.dia.es/product_images/117865/117865_ISO_0_ES.jpg?imwidth=392,"3,59 €",Grasas 3.8g de las cuales saturadas 2.3g Hidratos de Carbono 3.9g de los cuales azúcares 3.9g Proteínas 3.3g Sal 0.1g Calcio 120mg Cloro 100mg,No disponible,"(3,74 €/KILO)"
Bebida láctea tropical Danacol pack 6 x 100 g,https://www.dia.es/yogures-y-postres/yogures-bifidus-y-colesterol/p/104628,https://www.dia.es/product_images/104628/104628_ISO_0_ES.jpg?imwidth=392,"4,35 €",Grasas 1.1g de las cuales saturadas 0.1g Hidratos de Carbono 4.6g de los cuales azúcares 4.5g Proteínas 3.2g Sal 0.14g,No disponible,"(7,25 €/KILO)"
Yogur líquido de fresa y plátano Actimel pack 6 + 2 x 100 g,https://www.dia.es/yogures-y-postres/yogures-bifidus-y-colesterol/p/100595,https://www.dia.es/product_images/100595/100595_ISO_0_ES.jpg?imwidth=392,"3,79 €",Grasas 1.4g de las cuales saturadas 1g Hidratos de Carbono 10.6g de los cuales azúcares 10g Proteínas 2.8g Sal 0.1g Calcio 120mg Zinc 1.5mg,No disponible,"(6,32 €/KILO)"
Bífidus con fresa Activia pack 4 x 120 g,https://www.dia.es/yogures-y-postres/yogures-bifidus-y-colesterol/p/100594,https://www.dia.es/product_images/100594/100594_ISO_0_ES.jpg?imwidth=392,"2,49 €",Grasas 2.8g de las cuales saturadas 1.7g Hidratos de Carbono 11.5g de los cuales azúcares 11.2g Proteínas 3.5g Sal 0.1g Calcio 132mg,No disponible,"(5,19 €/KILO)"
Postre vegetal de soja sabor chocolate Vegedia pack 4 x 100 g,https://www.dia.es/yogures-y-postres/yogures-de-soja-y-enriquecidos/p/119585,https://www.dia.es/product_images/119585/119585_ISO_0_ES.jpg?imwidth=392,"1,49 €",Grasas 2.1g de las cuales saturadas 0.6g Hidratos de Carbono 18g de los cuales azúcares 16g Proteínas 3.4g Sal 0.11g,No disponible,"(3,73 €/KILO)"
Postre vegetal de soja sabor vainilla Vegedia pack 4 x 100 g,https://www.dia.es/yogures-y-postres/yogures-de-soja-y-enriquecidos/p/274982,https://www.dia.es/product_images/274982/274982_ISO_0_ES.jpg?imwidth=392,"1,49 €",Grasas 1.6g de las cuales saturadas 0.3g Hidratos de Carbono 14g de los cuales azúcares 10g Proteínas 2.9g Sal 0.13g,No disponible,"(3,73 €/KILO)"
Postre de soja con arándanos Alpro vaso 400 g,https://www.dia.es/yogures-y-postres/yogures-de-soja-y-enriquecidos/p/274008,https://www.dia.es/product_images/274008/274008_ISO_0_ES.jpg?imwidth=392,"2,29 €",Grasas 2.2g de las cuales saturadas 0.4g de las cuales monoinsaturadas 0.5g de las cuales poliinsaturadas 1.3g Hidratos de Carbono 8.2g de los cuales azúcares 7.9g Fibra alimentaria 1g Proteínas 3.7g Sal 0.15g Calcio 120mg Riboflavinas 0.21mg,No disponible,"(5,73 €/KILO)"
Postre de soja sabor vainilla Alpro vaso 400 g,https://www.dia.es/yogures-y-postres/yogures-de-soja-y-enriquecidos/p/260027,https://www.dia.es/product_images/260027/260027_ISO_0_ES.jpg?imwidth=392,"2,29 €",Grasas 2.2g de las cuales saturadas 0.4g de las cuales monoinsaturadas 0.5g de las cuales poliinsaturadas 1.3g Hidratos de Carbono 7.4g de los cuales azúcares 7.4g Fibra alimentaria 0.8g Proteínas 3.7g Sal 0.13g Calcio 120mg Riboflavinas 0.21mg,No disponible,"(5,73 €/KILO)"
Postre de soja sabor arándanos y frutos rojos Alpro pack 4 x 125 g,https://www.dia.es/yogures-y-postres/yogures-de-soja-y-enriquecidos/p/248781,https://www.dia.es/product_images/248781/248781_ISO_0_ES.jpg?imwidth=392,"2,59 €",Grasas 2.2g de las cuales saturadas 0.4g de las cuales monoinsaturadas 0.5g de las cuales poliinsaturadas 1.3g Hidratos de Carbono 8.2g de los cuales azúcares 7.9g Fibra alimentaria 1g Proteínas 3.7g Sal 0.15g Calcio 120mg Riboflavinas 0.21mg,No disponible,"(5,18 €/KILO)"
Postre vegetal de coco natural Alpro tarrina 350 g,https://www.dia.es/yogures-y-postres/yogures-de-soja-y-enriquecidos/p/283428,https://www.dia.es/product_images/283428/283428_ISO_0_ES.jpg?imwidth=392,"2,59 €",Grasas 6.1g de las cuales saturadas 5.7g Hidratos de Carbono 6g de los cuales azúcares 0.6g Fibra alimentaria 0g Proteínas 0.6g Sal 0.07g,No disponible,"(7,40 €/KILO)"
"Postre de soja sabor melocotón, piña y fruta de la pasión Alpro pack 4 x 125 g",https://www.dia.es/yogures-y-postres/yogures-de-soja-y-enriquecidos/p/248784,https://www.dia.es/product_images/248784/248784_ISO_0_ES.jpg?imwidth=392,"2,59 €",Grasas 1.9g de las cuales saturadas 0.3g Hidratos de Carbono 10.1g de los cuales azúcares 9.8g Fibra alimentaria 1g Proteínas 3.6g Sal 0.27g Calcio 120mg Riboflavinas 0.21mg,No disponible,"(5,18 €/KILO)"
Kéfir Dia Láctea vaso 500 g,https://www.dia.es/yogures-y-postres/kefir-y-otros-yogures/p/253810,https://www.dia.es/product_images/253810/253810_ISO_0_ES.jpg?imwidth=392,"1,59 €",Grasas 3.2g de las cuales saturadas 1.9g Hidratos de Carbono 4.1g de los cuales azúcares 4.1g Proteínas 3.1g Sal 0.13g,No disponible,"(3,18 €/KILO)"
Kéfir Pastoret tarrina 500 g,https://www.dia.es/yogures-y-postres/kefir-y-otros-yogures/p/244885,https://www.dia.es/product_images/244885/244885_ISO_0_ES.jpg?imwidth=392,"2,45 €",Grasas 3.8g de las cuales saturadas 2.7g Hidratos de Carbono 3.8g de los cuales azúcares 3.8g Proteínas 3.4g Sal 0.1g,No disponible,"(4,90 €/KILO)"
Postre natural de soja con coco Alpro vaso 400 g,https://www.dia.es/yogures-y-postres/kefir-y-otros-yogures/p/248783,https://www.dia.es/product_images/248783/248783_ISO_0_ES.jpg?imwidth=392,"2,29 €",Grasas 3g de las cuales saturadas 1.1g Hidratos de Carbono 2.3g de los cuales azúcares 2.1g Fibra alimentaria 0.8g Proteínas 3.9g Sal 0.32g Calcio 120mg,No disponible,"(5,73 €/KILO)"
Postre de soja sabor mango Alpro vaso 400 g,https://www.dia.es/yogures-y-postres/kefir-y-otros-yogures/p/278516,https://www.dia.es/product_images/278516/278516_ISO_0_ES.jpg?imwidth=392,"2,59 €",Grasas 2g de las cuales saturadas 0.4g de las cuales monoinsaturadas 0.4g de las cuales poliinsaturadas 1.2g Hidratos de Carbono 5.8g de los cuales azúcares 5.6g Fibra alimentaria 1g Proteínas 3.7g Sal 0.22g Calcio 120mg Riboflavinas 0.21mg Tiamina 0mg,No disponible,"(6,48 €/KILO)"
Yogur de soja sabor frutos rojos Alpro vaso 400 g,https://www.dia.es/yogures-y-postres/kefir-y-otros-yogures/p/278517,https://www.dia.es/product_images/278517/278517_ISO_0_ES.jpg?imwidth=392,"2,59 €",Grasas 2.1g de las cuales saturadas 0.4g de las cuales monoinsaturadas 0.5g de las cuales poliinsaturadas 1.2g Hidratos de Carbono 6.6g de los cuales azúcares 5.7g Fibra alimentaria 1.1g Proteínas 3.7g Sal 0.23g Calcio 120mg Riboflavinas 0.21mg Tiamina 0mg,No disponible,"(6,48 €/KILO)"
Kéfir Activia vaso 345 g,https://www.dia.es/yogures-y-postres/kefir-y-otros-yogures/p/304786,https://www.dia.es/product_images/304786/304786_ISO_0_ES.jpg?imwidth=392,"1,99 €",Grasas 3.5g de las cuales saturadas 2.3g Hidratos de Carbono 4.1g de los cuales azúcares 4.1g Proteínas 3.9g Sal 0.12g,No disponible,"(5,77 €/KILO)"
Kéfir desnatado Pastoret vaso 500 g,https://www.dia.es/yogures-y-postres/kefir-y-otros-yogures/p/280088,https://www.dia.es/product_images/280088/280088_ISO_0_ES.jpg?imwidth=392,"2,45 €",Grasas 0.1g de las cuales saturadas 0.1g Hidratos de Carbono 3.6g de los cuales azúcares 3.6g Proteínas 3.4g Sal 0.1g,No disponible,"(4,90 €/KILO)"
Postre natural con avena Alpro vaso 400 g,https://www.dia.es/yogures-y-postres/kefir-y-otros-yogures/p/248782,https://www.dia.es/product_images/248782/248782_ISO_0_ES.jpg?imwidth=392,"2,29 €",Grasas 2g de las cuales saturadas 0.4g Hidratos de Carbono 3g de los cuales azúcares 1.9g Fibra alimentaria 2.3g Proteínas 3.8g Sal 0.09g Calcio 120mg,No disponible,"(5,73 €/KILO)"
Yogur natural desnatado rico en proteínas Reina vaso 180 g,https://www.dia.es/yogures-y-postres/kefir-y-otros-yogures/p/285683,https://www.dia.es/product_images/285683/285683_ISO_0_ES.jpg?imwidth=392,"0,89 €",Grasas 0.2g de las cuales saturadas 0g Hidratos de Carbono 6.2g de los cuales azúcares 6.2g Proteínas 7g Sal 0.15g,No disponible,"(4,94 €/KILO)"
Kéfir de cabra Suerte Ampanera vaso 420 g,https://www.dia.es/yogures-y-postres/kefir-y-otros-yogures/p/275738,https://www.dia.es/product_images/275738/275738_ISO_0_ES.jpg?imwidth=392,"3,15 €",Grasas 5.5g de las cuales saturadas 3.8g Hidratos de Carbono 3.3g de los cuales azúcares 2.4g Proteínas 4.4g Sal 0.09g,No disponible,"(7,50 €/KILO)"
Preparado de queso quark con fresa alto en proteínas Dia Láctea tarrina 200 g,https://www.dia.es/charcuteria-y-quesos/quesos-fundidos-y-cremas/p/297312,https://www.dia.es/product_images/297312/297312_ISO_0_ES.jpg?imwidth=392,"1,00 €",Grasas 0.4g de las cuales saturadas 0.3g Hidratos de Carbono 3.3g de los cuales azúcares 2.8g Proteínas 12.4g Sal 0.13g,No disponible,"(5,00 €/KILO)"
Mousse de cacao alta en proteínas Dia Láctea vaso 200 g,https://www.dia.es/yogures-y-postres/gelatinas-y-otros-postres/p/292374,https://www.dia.es/product_images/292374/292374_ISO_0_ES.jpg?imwidth=392,"1,29 €",Grasas 1.6g de las cuales saturadas 1.1g Hidratos de Carbono 5g de los cuales azúcares 4g Proteínas 10g Sal 0.1g,No disponible,"(6,45 €/KILO)"
Natillas sabor chocolate rico en proteínas Reina pack 4 x 125 g,https://www.dia.es/yogures-y-postres/natillas-y-flan/p/285680,https://www.dia.es/product_images/285680/285680_ISO_0_ES.jpg?imwidth=392,"2,79 €",Grasas 2.3g de las cuales saturadas 1.5g Hidratos de Carbono 7.6g de los cuales azúcares 4.9g Proteínas 10g Sal 0.18g,No disponible,"(5,58 €/KILO)"
Gelatina sabor frutas alto en proteínas Dia Láctea pack 4 x 100 g,https://www.dia.es/yogures-y-postres/gelatinas-y-otros-postres/p/252356,https://www.dia.es/product_images/252356/252356_ISO_0_ES.jpg?imwidth=392,"1,55 €",Grasas 0g de las cuales saturadas 0g Hidratos de Carbono 0g de los cuales azúcares 0g Proteínas 10g Sal 0g,No disponible,"(3,88 €/KILO)"
Preparado de queso quark con melocotón y maracuyá alto en proteínas Dia Láctea tarrina 200 g,https://www.dia.es/charcuteria-y-quesos/quesos-fundidos-y-cremas/p/297313,https://www.dia.es/product_images/297313/297313_ISO_0_ES.jpg?imwidth=392,"1,00 €",Grasas 0.4g de las cuales saturadas 0.3g Hidratos de Carbono 3.5g de los cuales azúcares 3g Proteínas 12.4g Sal 0.13g,No disponible,"(5,00 €/KILO)"
Natillas con caramelo alta en proteínas Dia Láctea tarrina 150 g,https://www.dia.es/yogures-y-postres/postres-y-yogures-de-proteinas/p/301333,https://www.dia.es/product_images/301333/301333_ISO_0_ES.jpg?imwidth=392,"0,99 €",Grasas 1.4g de las cuales saturadas 0.8g Hidratos de Carbono 9g de los cuales azúcares 7g Proteínas 10g Sal 0.29g,No disponible,"(6,60 €/KILO)"
Yogur desnatado de proteínas sabor stracciatella Danone pack 4 x 105 g,https://www.dia.es/yogures-y-postres/postres-y-yogures-de-proteinas/p/296245,https://www.dia.es/product_images/296245/296245_ISO_0_ES.jpg?imwidth=392,"1,99 €",Grasas 0.5g de las cuales saturadas 0.3g Hidratos de Carbono 4.8g de los cuales azúcares 4.4g Proteínas 6.2g Sal 0.1g,No disponible,"(4,74 €/KILO)"
Postre lácteo natural alto en proteína Dia Láctea vaso 300 g,https://www.dia.es/yogures-y-postres/gelatinas-y-otros-postres/p/292375,https://www.dia.es/product_images/292375/292375_ISO_0_ES.jpg?imwidth=392,"1,09 €",Grasas 0.1g de las cuales saturadas 0.1g Hidratos de Carbono 3.6g de los cuales azúcares 3.6g Proteínas 9.3g Sal 0.1g,No disponible,"(3,63 €/KILO)"
Natilla sabor vainilla alta en proteínas Dia Láctea tarrina 150 g,https://www.dia.es/yogures-y-postres/natillas-y-flan/p/301330,https://www.dia.es/product_images/301330/301330_ISO_0_ES.jpg?imwidth=392,"0,99 €",Grasas 1.5g de las cuales saturadas 0.9g Hidratos de Carbono 6g de los cuales azúcares 3.5g Proteínas 10.5g Sal 0.11g,No disponible,"(6,60 €/KILO)"
Postre sabor arándanos alto con proteínas Yopro pack 4 x 120 g,https://www.dia.es/yogures-y-postres/postres-y-yogures-de-proteinas/p/304834,https://www.dia.es/product_images/304834/304834_ISO_0_ES.jpg?imwidth=392,"2,99 €",Grasas 0.1g de las cuales saturadas 0.1g Hidratos de Carbono 3.7g de los cuales azúcares 3.4g Proteínas 9.4g Sal 0.09g Magnesio 56mg,No disponible,"(6,23 €/KILO)"
Preparado de queso quark con frambuesa alto en proteínas Dia Láctea tarrina 200 g,https://www.dia.es/charcuteria-y-quesos/quesos-fundidos-y-cremas/p/297314,https://www.dia.es/product_images/297314/297314_ISO_0_ES.jpg?imwidth=392,"1,00 €",Grasas 0.4g de las cuales saturadas 0.3g Hidratos de Carbono 3.4g de los cuales azúcares 3g Proteínas 12.6g Sal 0.13g,No disponible,"(5,00 €/KILO)"
Yogur desnatado de proteínas sabor fresa Danone pack 4 x 105 g,https://www.dia.es/yogures-y-postres/postres-y-yogures-de-proteinas/p/296246,https://www.dia.es/product_images/296246/296246_ISO_0_ES.jpg?imwidth=392,"1,99 €",Grasas 0.2g de las cuales saturadas 0.1g Hidratos de Carbono 5g de los cuales azúcares 4.8g Proteínas 6.1g Sal 0.1g,No disponible,"(4,74 €/KILO)"
Natilla de chocolate alta en proteínas Valio tarrina 180 g,https://www.dia.es/yogures-y-postres/natillas-y-flan/p/263438,https://www.dia.es/product_images/263438/263438_ISO_0_ES.jpg?imwidth=392,"1,65 €",Grasas 1.5g de las cuales saturadas 0.3g Hidratos de Carbono 6g de los cuales azúcares 4.1g Proteínas 11g Sal 0.2g,No disponible,"(9,17 €/KILO)"
Flan de huevo rico en proteí­nas Reina pack 2 x 160 g,https://www.dia.es/yogures-y-postres/natillas-y-flan/p/285682,https://www.dia.es/product_images/285682/285682_ISO_0_ES.jpg?imwidth=392,"1,99 €",Grasas 0g de las cuales saturadas 0g Hidratos de Carbono 8.1g de los cuales azúcares 4.2g Proteínas 8g Sal 0.08g,No disponible,"(6,22 €/KILO)"
Mousse de chocolate rico en proteínas Reina pack 2 x 100 g,https://www.dia.es/yogures-y-postres/gelatinas-y-otros-postres/p/285681,https://www.dia.es/product_images/285681/285681_ISO_0_ES.jpg?imwidth=392,"1,95 €",Grasas 2.7g de las cuales saturadas 2.1g Hidratos de Carbono 15g de los cuales azúcares 8.3g Proteínas 10g Sal 0.3g,No disponible,"(9,75 €/KILO)"
Natillas de vainilla alta en proteínas Danone pack 4 x 120 g,https://www.dia.es/yogures-y-postres/natillas-y-flan/p/301461,https://www.dia.es/product_images/301461/301461_ISO_0_ES.jpg?imwidth=392,"2,29 €",Grasas 1.4g de las cuales saturadas 0.8g Hidratos de Carbono 11.9g de los cuales azúcares 7.5g Proteínas 5g Sal 0.25g,No disponible,"(4,77 €/KILO)"
Queso fresco batido rico en proteínas Granja Rinya tarrina 400 g,https://www.dia.es/charcuteria-y-quesos/queso-fresco/p/274204,https://www.dia.es/product_images/274204/274204_ISO_0_ES.jpg?imwidth=392,"1,93 €",Grasas 0.4g de las cuales saturadas 0.3g Hidratos de Carbono 3.4g de los cuales azúcares 3.4g Proteínas 7.1g Sal 0.1g,No disponible,"(4,83 €/KILO)"
Yogur líquido con proteínas sabor fresa Yopro botella 300 g,https://www.dia.es/yogures-y-postres/postres-y-yogures-de-proteinas/p/268862,https://www.dia.es/product_images/268862/268862_ISO_0_ES.jpg?imwidth=392,"2,49 €",Grasas 0.4g de las cuales saturadas 0.2g Hidratos de Carbono 5.4g de los cuales azúcares 5.2g Proteínas 8.3g Sal 0.17g Calcio 173mg,No disponible,"(8,30 €/KILO)"
Yogur líquido con proteínas sabor vainilla Yopro botella 300 g,https://www.dia.es/yogures-y-postres/postres-y-yogures-de-proteinas/p/258515,https://www.dia.es/product_images/258515/258515_ISO_0_ES.jpg?imwidth=392,"2,49 €",Grasas 0.5g de las cuales saturadas 0.2g Hidratos de Carbono 5.3g de los cuales azúcares 5.1g Proteínas 8.3g Sal 0.17g Calcio 173mg,No disponible,"(8,30 €/KILO)"
Postre de soja fresa tipo skyr alto en proteína Alpro vaso 400 g,https://www.dia.es/yogures-y-postres/postres-y-yogures-de-proteinas/p/283606,https://www.dia.es/product_images/283606/283606_ISO_0_ES.jpg?imwidth=392,"2,59 €",Grasas 3g de las cuales saturadas 0.5g de las cuales monoinsaturadas 0.7g de las cuales poliinsaturadas 1.8g Hidratos de Carbono 8.5g de los cuales azúcares 8.2g Fibra alimentaria 1.2g Proteínas 5.2g Sal 0.22g Calcio 120mg Riboflavinas 0.21mg Tiamina 0mg Zinc 0.2mg,No disponible,"(6,48 €/KILO)"
Mousse de chocolate y naranja alta en proteínas Valio vaso 150 g,https://www.dia.es/yogures-y-postres/postres-y-yogures-de-proteinas/p/304840,https://www.dia.es/product_images/304840/304840_ISO_0_ES.jpg?imwidth=392,"1,65 €",Grasas 1.6g de las cuales saturadas 0.9g Hidratos de Carbono 5.8g de los cuales azúcares 4.6g Proteínas 10g Sal 0.28g Calcio 260mg,No disponible,"(11,00 €/KILO)"
Postre sabor vainilla alta con proteínas Yopro pack 4 x 120 g,https://www.dia.es/yogures-y-postres/postres-y-yogures-de-proteinas/p/304835,https://www.dia.es/product_images/304835/304835_ISO_0_ES.jpg?imwidth=392,"2,99 €",Grasas 0.1g de las cuales saturadas 0.1g Hidratos de Carbono 3.6g de los cuales azúcares 3.1g Proteínas 9.4g Sal 0.09g,No disponible,"(6,23 €/KILO)"
Yogur de stracciatella enriquecido con proteínas Yopro pack 2 x 160 gr,https://www.dia.es/yogures-y-postres/postres-y-yogures-de-proteinas/p/300798,https://www.dia.es/product_images/300798/300798_ISO_0_ES.jpg?imwidth=392,"2,79 €",Grasas 0.5g de las cuales saturadas 0.3g Hidratos de Carbono 3.5g de los cuales azúcares 3.1g Proteínas 9.4g Sal 0.1g Calcio 102mg,No disponible,"(8,72 €/KILO)"
Yogur sabor vainilla desnatado enriquecido con proteínas Yopro pack 2 x 160 g,https://www.dia.es/yogures-y-postres/postres-y-yogures-de-proteinas/p/269470,https://www.dia.es/product_images/269470/269470_ISO_0_ES.jpg?imwidth=392,"2,49 €",Grasas 0.1g de las cuales saturadas 0.1g Hidratos de Carbono 3.6g de los cuales azúcares 3.3g Proteínas 9.5g Sal 0.09g Calcio 100mg,No disponible,"(7,78 €/KILO)"
Flan de vainilla Caprichoso Dia pack 6 x 100 g,https://www.dia.es/yogures-y-postres/natillas-y-flan/p/105814,https://www.dia.es/product_images/105814/105814_ISO_0_ES.jpg?imwidth=392,"0,99 €",Grasas 1.5g de las cuales saturadas 0.9g Hidratos de Carbono 18.8g de los cuales azúcares 16.4g Proteínas 2.2g Sal 0.15g,No disponible,"(1,65 €/KILO)"
Natillas de vainilla con galleta Caprichoso Dia pack 4 x 125 g,https://www.dia.es/yogures-y-postres/natillas-y-flan/p/113550,https://www.dia.es/product_images/113550/113550_ISO_0_ES.jpg?imwidth=392,"1,25 €",Grasas 3.3g de las cuales saturadas 2.2g Hidratos de Carbono 23g de los cuales azúcares 18g Proteínas 2.5g Sal 0.17g,No disponible,"(2,50 €/KILO)"
Flan de huevo con caramelo Caprichoso Dia pack 4 x 100 g,https://www.dia.es/yogures-y-postres/natillas-y-flan/p/3387,https://www.dia.es/product_images/3387/3387_ISO_0_ES.jpg?imwidth=392,"1,35 €",Grasas 20g de las cuales saturadas 0.8g Hidratos de Carbono 21.5g de los cuales azúcares 20g Proteínas 5.7g Sal 0.18g,No disponible,"(3,38 €/KILO)"
Natillas sabor vainilla Caprichoso Dia pack 4 x 125 g,https://www.dia.es/yogures-y-postres/natillas-y-flan/p/294946,https://www.dia.es/product_images/294946/294946_ISO_0_ES.jpg?imwidth=392,"1,05 €",Grasas 2.7g de las cuales saturadas 1.8g Hidratos de Carbono 20g de los cuales azúcares 15g Proteínas 2.4g Sal 0.15g,No disponible,"(2,10 €/KILO)"
Copa de chocolate y nata Caprichoso Dia pack 4 x 115 g,https://www.dia.es/yogures-y-postres/natillas-y-flan/p/140493,https://www.dia.es/product_images/140493/140493_ISO_0_ES.jpg?imwidth=392,"1,30 €",Grasas 3g de las cuales saturadas 2.2g Hidratos de Carbono 19g de los cuales azúcares 17g Proteínas 2.9g Sal 0.1g,No disponible,"(2,83 €/KILO)"
Natillas de chocolate Caprichoso Dia pack 4 x 125 g,https://www.dia.es/yogures-y-postres/natillas-y-flan/p/294947,https://www.dia.es/product_images/294947/294947_ISO_0_ES.jpg?imwidth=392,"1,05 €",Grasas 3.1g de las cuales saturadas 2.1g Hidratos de Carbono 21.1g de los cuales azúcares 17g Proteínas 3.5g Sal 0.13g,No disponible,"(2,10 €/KILO)"
Flan de queso Caprichoso Dia pack 2 x 100 g,https://www.dia.es/yogures-y-postres/natillas-y-flan/p/301951,https://www.dia.es/product_images/301951/301951_ISO_0_ES.jpg?imwidth=392,"0,99 €",Grasas 6.3g de las cuales saturadas 4.6g Hidratos de Carbono 20g de los cuales azúcares 18g Proteínas 4.7g Sal 0.3g,No disponible,"(4,95 €/KILO)"
Natillas de vainilla Danet pack 4 x 120 g,https://www.dia.es/yogures-y-postres/natillas-y-flan/p/76114,https://www.dia.es/product_images/76114/76114_ISO_0_ES.jpg?imwidth=392,"1,99 €",Grasas 2.9g de las cuales saturadas 1.7g Hidratos de Carbono 17.7g de los cuales azúcares 14.8g Fibra alimentaria 0g Proteínas 3.1g Sal 0.13g Magnesio 0mg Zinc 0mg Cloro 0mg,No disponible,"(4,15 €/KILO)"
Natillas con galleta Reina pack 4 x 125 g,https://www.dia.es/yogures-y-postres/natillas-y-flan/p/114672,https://www.dia.es/product_images/114672/114672_ISO_0_ES.jpg?imwidth=392,"1,65 €",Grasas 3.3g de las cuales saturadas 2.2g Hidratos de Carbono 23g de los cuales azúcares 18g Proteínas 2.5g Sal 0.17g,No disponible,"(3,30 €/KILO)"
Flan de café Caprichoso Dia pack 2 x 100 g,https://www.dia.es/yogures-y-postres/natillas-y-flan/p/301952,https://www.dia.es/product_images/301952/301952_ISO_0_ES.jpg?imwidth=392,"0,89 €",Grasas 7.1g de las cuales saturadas 4.3g Hidratos de Carbono 23.5g de los cuales azúcares 20.7g Proteínas 4.1g Sal 0.2g,No disponible,"(4,45 €/KILO)"
Copa de cacao y nata Caprichoso Dia vaso 200 g,https://www.dia.es/yogures-y-postres/natillas-y-flan/p/294950,https://www.dia.es/product_images/294950/294950_ISO_0_ES.jpg?imwidth=392,"0,79 €",Grasas 2.7g de las cuales saturadas 1.8g Hidratos de Carbono 14.7g de los cuales azúcares 12.2g Proteínas 3g Sal 0.1g,No disponible,"(3,95 €/KILO)"
Copa de vainilla con caramelo y nata Caprichoso Dia pack 4 x 115 g,https://www.dia.es/yogures-y-postres/natillas-y-flan/p/27955,https://www.dia.es/product_images/27955/27955_ISO_0_ES.jpg?imwidth=392,"1,39 €",Grasas 6.3g de las cuales saturadas 4.2g Hidratos de Carbono 21g de los cuales azúcares 19g Proteínas 2.1g Sal 0.1g,No disponible,"(3,02 €/KILO)"
Crema de chocolate con bizcocho Caprichoso Dia pack 4 x 125 g,https://www.dia.es/yogures-y-postres/natillas-y-flan/p/219104,https://www.dia.es/product_images/219104/219104_ISO_0_ES.jpg?imwidth=392,"1,75 €",Grasas 4.5g de las cuales saturadas 2.9g Hidratos de Carbono 26g de los cuales azúcares 21.1g Proteínas 3.4g Sal 0.2g,No disponible,"(3,50 €/KILO)"
Flan de huevo al baño maría Reina pack 6 x 100 g,https://www.dia.es/yogures-y-postres/natillas-y-flan/p/215779,https://www.dia.es/product_images/215779/215779_ISO_0_ES.jpg?imwidth=392,"2,95 €",Grasas 2.9g de las cuales saturadas 1.2g Hidratos de Carbono 27.2g de los cuales azúcares 26.3g Proteínas 5.3g Sal 0.2g,No disponible,"(4,92 €/KILO)"
Crema bombón original Clesa pack 4 x 125 g,https://www.dia.es/yogures-y-postres/natillas-y-flan/p/173384,https://www.dia.es/product_images/173384/173384_ISO_0_ES.jpg?imwidth=392,"1,59 €",Grasas 2.8g de las cuales saturadas 1.8g Hidratos de Carbono 18.5g de los cuales azúcares 17.5g Proteínas 2.9g Sal 0.25g,No disponible,"(3,18 €/KILO)"
Natillas de chocolate Danet pack 4 x 120 g,https://www.dia.es/yogures-y-postres/natillas-y-flan/p/76121,https://www.dia.es/product_images/76121/76121_ISO_0_ES.jpg?imwidth=392,"1,99 €",Grasas 3g de las cuales saturadas 1.8g Hidratos de Carbono 19.9g de los cuales azúcares 17.5g Fibra alimentaria 0g Proteínas 3.2g Sal 0.41g Magnesio 0mg Zinc 0mg Cloro 0mg,No disponible,"(4,15 €/KILO)"
Flan de huevo doble 0% Caprichoso Dia pack 2 x 100 g,https://www.dia.es/yogures-y-postres/natillas-y-flan/p/301953,https://www.dia.es/product_images/301953/301953_ISO_0_ES.jpg?imwidth=392,"0,85 €",Grasas 0g de las cuales saturadas 0g Hidratos de Carbono 10g de los cuales azúcares 7.1g Proteínas 6.3g Sal 0.17g,No disponible,"(4,25 €/KILO)"
Copa de chocolate de nata Danone pack 2 x 110 g,https://www.dia.es/yogures-y-postres/natillas-y-flan/p/165035,https://www.dia.es/product_images/165035/165035_ISO_0_ES.jpg?imwidth=392,"1,59 €",Grasas 5.4g de las cuales saturadas 3.5g Hidratos de Carbono 17.2g de los cuales azúcares 14.4g Proteínas 2.6g Sal 0.11g,No disponible,"(7,23 €/KILO)"
Natillas de chocolate alta en proteínas Dia Láctea tarrina 150 g,https://www.dia.es/yogures-y-postres/natillas-y-flan/p/301332,https://www.dia.es/product_images/301332/301332_ISO_0_ES.jpg?imwidth=392,"0,99 €",Grasas 0.9g de las cuales saturadas 0.5g Hidratos de Carbono 6.8g de los cuales azúcares 4.1g Proteínas 10g Sal 0.1g,No disponible,"(6,60 €/KILO)"
Natillas de vainilla sin azúcar Reina pack 4 x 125 g,https://www.dia.es/yogures-y-postres/natillas-y-flan/p/184829,https://www.dia.es/product_images/184829/184829_ISO_0_ES.jpg?imwidth=392,"1,79 €",Grasas 1.9g de las cuales saturadas 1.3g Hidratos de Carbono 12.8g de los cuales azúcares 5.4g Proteínas 2.9g Sal 0.2g,No disponible,"(3,58 €/KILO)"
Arroz con leche con canela Caprichoso Dia pack 4 x 125 g,https://www.dia.es/yogures-y-postres/arroz-con-leche-y-postre-tradicional/p/85630,https://www.dia.es/product_images/85630/85630_ISO_0_ES.jpg?imwidth=392,"1,35 €",Grasas 3.9g de las cuales saturadas 2.5g Hidratos de Carbono 22g de los cuales azúcares 14g Proteínas 2.6g Sal 0.11g,No disponible,"(2,70 €/KILO)"
Arroz con leche con canela Caprichoso Dia pack 2 x 125 g,https://www.dia.es/yogures-y-postres/arroz-con-leche-y-postre-tradicional/p/298435,https://www.dia.es/product_images/298435/298435_ISO_0_ES.jpg?imwidth=392,"1,49 €",Grasas 3.8g de las cuales saturadas 2.5g Hidratos de Carbono 25.5g de los cuales azúcares 15.2g Proteínas 3.3g Sal 0.1g,No disponible,"(5,96 €/KILO)"
Cuajada Caprichoso Dia pack 4 x 125 g,https://www.dia.es/yogures-y-postres/cuajada/p/27195,https://www.dia.es/product_images/27195/27195_ISO_0_ES.jpg?imwidth=392,"1,00 €",Grasas 5.3g de las cuales saturadas 3.7g Hidratos de Carbono 6.7g de los cuales azúcares 6.7g Proteínas 4.9g Sal 0.2g,No disponible,"(2,00 €/KILO)"
Cuajada sin azúcar Danone pack 2 x 135 g,https://www.dia.es/yogures-y-postres/cuajada/p/12692,https://www.dia.es/product_images/12692/12692_ISO_0_ES.jpg?imwidth=392,"1,49 €",Grasas 5.3g de las cuales saturadas 3.2g Hidratos de Carbono 6.7g de los cuales azúcares 6.6g Proteínas 4.9g Sal 0.13g Calcio 171mg,No disponible,"(5,52 €/KILO)"
"Gelatina de fresa, limón y multifruta Caprichoso Dia pack 6 x 100 g",https://www.dia.es/yogures-y-postres/gelatinas-y-otros-postres/p/139596,https://www.dia.es/product_images/139596/139596_ISO_0_ES.jpg?imwidth=392,"0,99 €",Grasas 0g de las cuales saturadas 0g Hidratos de Carbono 18g de los cuales azúcares 15g Proteínas 0g Sal 0.19g,No disponible,"(1,65 €/KILO)"
Tiramisú Caprichoso Dia pack 2 x 90 g,https://www.dia.es/yogures-y-postres/gelatinas-y-otros-postres/p/252354,https://www.dia.es/product_images/252354/252354_ISO_0_ES.jpg?imwidth=392,"1,00 €",Grasas 9.8g de las cuales saturadas 6.8g Hidratos de Carbono 27g de los cuales azúcares 21g Proteínas 4.1g Sal 0.19g,No disponible,"(5,56 €/KILO)"
Gelatina de fresa Caprichoso Dia pack 6 x 100 g,https://www.dia.es/yogures-y-postres/gelatinas-y-otros-postres/p/108518,https://www.dia.es/product_images/108518/108518_ISO_0_ES.jpg?imwidth=392,"0,99 €",Grasas 0g de las cuales saturadas 0g Hidratos de Carbono 18g de los cuales azúcares 15g Proteínas 0g Sal 0.15g,No disponible,"(1,65 €/KILO)"
Mousse de chocolate con leche Caprichoso Dia pack 4 x 60 g,https://www.dia.es/yogures-y-postres/gelatinas-y-otros-postres/p/46923,https://www.dia.es/product_images/46923/46923_ISO_0_ES.jpg?imwidth=392,"1,05 €",Grasas 6g de las cuales saturadas 3.6g Hidratos de Carbono 21.2g de los cuales azúcares 20.5g Proteínas 4.8g Sal 0.15g,No disponible,"(4,38 €/KILO)"
Cheesecake Caprichoso Dia pack 2 x 90 g,https://www.dia.es/yogures-y-postres/gelatinas-y-otros-postres/p/208224,https://www.dia.es/product_images/208224/208224_ISO_0_ES.jpg?imwidth=392,"1,56 €",Grasas 26.4g de las cuales saturadas 13.2g Hidratos de Carbono 29g de los cuales azúcares 27.6g Proteínas 3.1g Sal 0.3g,No disponible,"(8,67 €/KILO)"
Tarta de queso Caprichoso Dia tarrina 100 g,https://www.dia.es/yogures-y-postres/gelatinas-y-otros-postres/p/299853,https://www.dia.es/product_images/299853/299853_ISO_0_ES.jpg?imwidth=392,"1,15 €",Grasas 12g de las cuales saturadas 5g Hidratos de Carbono 21g de los cuales azúcares 17g Proteínas 8g Sal 0.4g,No disponible,"(11,50 €/KILO)"
Carrot cake Caprichoso Dia pack 2 x 90 g,https://www.dia.es/yogures-y-postres/gelatinas-y-otros-postres/p/298530,https://www.dia.es/product_images/298530/298530_ISO_0_ES.jpg?imwidth=392,"1,49 €",Grasas 20g de las cuales saturadas 12g Hidratos de Carbono 24g de los cuales azúcares 21g Proteínas 3.9g Sal 0.45g,No disponible,"(8,28 €/KILO)"
Gelatina sabor frutas alto en proteínas Dia Láctea pack 4 x 100 g,https://www.dia.es/yogures-y-postres/gelatinas-y-otros-postres/p/252356,https://www.dia.es/product_images/252356/252356_ISO_0_ES.jpg?imwidth=392,"1,55 €",Grasas 0g de las cuales saturadas 0g Hidratos de Carbono 0g de los cuales azúcares 0g Proteínas 10g Sal 0g,No disponible,"(3,88 €/KILO)"
Gelatina sabor fresa sin azúcar Royal pack 4 x 90 g,https://www.dia.es/yogures-y-postres/gelatinas-y-otros-postres/p/103680,https://www.dia.es/product_images/103680/103680_ISO_0_ES.jpg?imwidth=392,"1,79 €",Grasas 0g de las cuales saturadas 0g Hidratos de Carbono 0.9g de los cuales azúcares 0g Fibra alimentaria 0g Proteínas 1.6g Sal 0.11g,No disponible,"(4,97 €/KILO)"
Gelatina de arándanos Royal pack 4 x 90 g,https://www.dia.es/yogures-y-postres/gelatinas-y-otros-postres/p/214148,https://www.dia.es/product_images/214148/214148_ISO_0_ES.jpg?imwidth=392,"1,79 €",Grasas 0g de las cuales saturadas 0g Hidratos de Carbono 0.5g de los cuales azúcares 0g Fibra alimentaria 0.2g Proteínas 1.7g Sal 0.11g,No disponible,"(4,97 €/KILO)"
Tocino de cielo Caprichoso Dia pack 2 x 100 g,https://www.dia.es/yogures-y-postres/gelatinas-y-otros-postres/p/253343,https://www.dia.es/product_images/253343/253343_ISO_0_ES.jpg?imwidth=392,"1,49 €",Grasas 7.5g de las cuales saturadas 2.3g Hidratos de Carbono 53.6g de los cuales azúcares 50.8g Proteínas 5g Sal 0.08g,No disponible,"(7,45 €/KILO)"
Postre vegetal de avena con albaricoque Vegedia vaso 150 g,https://www.dia.es/yogures-y-postres/gelatinas-y-otros-postres/p/274986,https://www.dia.es/product_images/274986/274986_ISO_0_ES.jpg?imwidth=392,"0,85 €",Grasas 2.4g de las cuales saturadas 0.2g Hidratos de Carbono 18g de los cuales azúcares 8.8g Proteínas 0.6g Sal 0.05g,No disponible,"(5,67 €/KILO)"
Postre lácteo serradura Caprichoso Dia pack 2 x 85 g,https://www.dia.es/yogures-y-postres/gelatinas-y-otros-postres/p/208220,https://www.dia.es/product_images/208220/208220_ISO_0_ES.jpg?imwidth=392,"1,49 €",Grasas 20.1g de las cuales saturadas 16.2g Hidratos de Carbono 34.1g de los cuales azúcares 22.2g Proteínas 3.5g Sal 0.3g,No disponible,"(8,76 €/KILO)"
Tarta de queso cremosa Dhul pack 2 x 100 g,https://www.dia.es/yogures-y-postres/gelatinas-y-otros-postres/p/302132,https://www.dia.es/product_images/302132/302132_ISO_0_ES.jpg?imwidth=392,"2,19 €",Grasas 16g de las cuales saturadas 10.5g Hidratos de Carbono 18g de los cuales azúcares 17g Proteínas 4.5g Sal 0.4g,No disponible,"(10,95 €/KILO)"
Postre vegetal de chocolate Vegedia vaso 150 g,https://www.dia.es/yogures-y-postres/gelatinas-y-otros-postres/p/274987,https://www.dia.es/product_images/274987/274987_ISO_0_ES.jpg?imwidth=392,"0,85 €",Grasas 2.7g de las cuales saturadas 2.5g Hidratos de Carbono 17.5g de los cuales azúcares 9.5g Proteínas 0.8g Sal 0.11g,No disponible,"(5,67 €/KILO)"
Postre vegetal de arándano con bebida de coco Vegedia vaso 150 g,https://www.dia.es/yogures-y-postres/gelatinas-y-otros-postres/p/274984,https://www.dia.es/product_images/274984/274984_ISO_0_ES.jpg?imwidth=392,"0,85 €",Grasas 4.3g de las cuales saturadas 3.9g Hidratos de Carbono 12.2g de los cuales azúcares 6.8g Proteínas 0.4g Sal 0.05g,No disponible,"(5,67 €/KILO)"
Postre vegetal de mango y piña con bebida de coco Vegedia vaso 150 g,https://www.dia.es/yogures-y-postres/gelatinas-y-otros-postres/p/274983,https://www.dia.es/product_images/274983/274983_ISO_0_ES.jpg?imwidth=392,"0,85 €",Grasas 4.3g de las cuales saturadas 3.9g Hidratos de Carbono 12.4g de los cuales azúcares 7g Proteínas 0.4g Sal 0.05g,No disponible,"(5,67 €/KILO)"
Crema catalana tardicional Pastoret tarrina 150 g,https://www.dia.es/yogures-y-postres/gelatinas-y-otros-postres/p/301445,https://www.dia.es/product_images/301445/301445_ISO_0_ES.jpg?imwidth=392,"1,95 €",Grasas 3.6g de las cuales saturadas 2.1g Hidratos de Carbono 19.8g de los cuales azúcares 17.6g Proteínas 3.8g Sal 0.1g,No disponible,"(13,00 €/KILO)"
Postre vegetal de chocolate con cereza Vegedia vaso 150 g,https://www.dia.es/yogures-y-postres/gelatinas-y-otros-postres/p/274988,https://www.dia.es/product_images/274988/274988_ISO_0_ES.jpg?imwidth=392,"0,85 €",Grasas 2.2g de las cuales saturadas 2g Hidratos de Carbono 21.7g de los cuales azúcares 14.4g Proteínas 0.7g Sal 0.12g,No disponible,"(5,67 €/KILO)"
Postre lácteo natural alto en proteína Dia Láctea vaso 300 g,https://www.dia.es/yogures-y-postres/gelatinas-y-otros-postres/p/292375,https://www.dia.es/product_images/292375/292375_ISO_0_ES.jpg?imwidth=392,"1,09 €",Grasas 0.1g de las cuales saturadas 0.1g Hidratos de Carbono 3.6g de los cuales azúcares 3.6g Proteínas 9.3g Sal 0.1g,No disponible,"(3,63 €/KILO)"
Arroz extra Arrozona de Dia bolsa 1 Kg,https://www.dia.es/arroz-pastas-y-legumbres/arroz/p/151,https://www.dia.es/product_images/151/151_ISO_0_ES.jpg?imwidth=392,"1,30 €",Grasas 0.9g de las cuales saturadas 0.2g Hidratos de Carbono 77.3g de los cuales azúcares 0.3g Proteínas 7.4g Sal 0g,No disponible,"(1,30 €/KILO)"
Arroz largo de primera categoría Arrozona de Dia bolsa 1 Kg,https://www.dia.es/arroz-pastas-y-legumbres/arroz/p/5873,https://www.dia.es/product_images/5873/5873_ISO_0_ES.jpg?imwidth=392,"1,38 €",Grasas 1.2g de las cuales saturadas 0.3g Hidratos de Carbono 75.9g de los cuales azúcares 0.3g Proteínas 8.3g Sal 0g,No disponible,"(1,38 €/KILO)"
Arroz basmati Selección Mundial de Dia paquete 1 Kg,https://www.dia.es/arroz-pastas-y-legumbres/arroz/p/53397,https://www.dia.es/product_images/53397/53397_ISO_0_ES.jpg?imwidth=392,"2,30 €",Grasas 0.4g de las cuales saturadas 0.1g Hidratos de Carbono 80.4g de los cuales azúcares 0.2g Proteínas 6.7g Sal 0.01g,No disponible,"(2,30 €/KILO)"
Arroz bomba Arrozona de Dia paquete 1 Kg,https://www.dia.es/arroz-pastas-y-legumbres/arroz/p/15883,https://www.dia.es/product_images/15883/15883_ISO_0_ES.jpg?imwidth=392,"5,60 €",Grasas 1.2g de las cuales saturadas 0.2g Hidratos de Carbono 76g de los cuales azúcares 0.2g Fibra alimentaria 1g Proteínas 7.5g Sal 0g,No disponible,"(5,60 €/KILO)"
Arroz redondo SOS paquete 1 Kg,https://www.dia.es/arroz-pastas-y-legumbres/arroz/p/21415,https://www.dia.es/product_images/21415/21415_ISO_0_ES.jpg?imwidth=392,"1,84 €",Grasas 1g de las cuales saturadas 0g Hidratos de Carbono 79g de los cuales azúcares 0g Fibra alimentaria 3g Proteínas 7g Sal 0g,No disponible,"(1,84 €/KILO)"
Arroz redondo Al Punto Dia vaso 2 x 125 g,https://www.dia.es/arroz-pastas-y-legumbres/arroz/p/250021,https://www.dia.es/product_images/250021/250021_ISO_0_ES.jpg?imwidth=392,"1,00 €",Grasas 2.5g de las cuales saturadas 0.3g Hidratos de Carbono 41g de los cuales azúcares 0.3g Proteínas 3.7g Sal 0.6g,No disponible,"(4,00 €/KILO)"
Arroz vaporizado Arrozona de Dia bolsa 1 Kg,https://www.dia.es/arroz-pastas-y-legumbres/arroz/p/28809,https://www.dia.es/product_images/28809/28809_ISO_0_ES.jpg?imwidth=392,"1,57 €",Grasas 0.8g de las cuales saturadas 0.2g Hidratos de Carbono 73.1g de los cuales azúcares 0.3g Proteínas 7g Sal 0g,No disponible,"(1,57 €/KILO)"
Arroz redondo Brillante paquete 1 Kg,https://www.dia.es/arroz-pastas-y-legumbres/arroz/p/142599,https://www.dia.es/product_images/142599/142599_ISO_0_ES.jpg?imwidth=392,"2,73 €",Grasas 1.4g de las cuales saturadas 0.29g Hidratos de Carbono 77g de los cuales azúcares 0.8g Fibra alimentaria 0.9g Proteínas 7.3g Sal 0g,No disponible,"(2,73 €/KILO)"
Arroz basmati Brillante vaso 2 x 125 g,https://www.dia.es/arroz-pastas-y-legumbres/arroz/p/60069,https://www.dia.es/product_images/60069/60069_ISO_0_ES.jpg?imwidth=392,"1,34 €",Grasas 2.4g de las cuales saturadas 0.4g Hidratos de Carbono 31g de los cuales azúcares 0g Fibra alimentaria 1g Proteínas 5g Sal 0.2g,No disponible,"(5,36 €/KILO)"
Arroz vaporizado Brillante caja 1 Kg,https://www.dia.es/arroz-pastas-y-legumbres/arroz/p/28055,https://www.dia.es/product_images/28055/28055_ISO_0_ES.jpg?imwidth=392,"1,93 €",Grasas 1.3g de las cuales saturadas 0.4g Hidratos de Carbono 76g de los cuales azúcares 1g Fibra alimentaria 1.9g Proteínas 7.9g Sal 0g,No disponible,"(1,93 €/KILO)"
Arroz integral Arrozona de Dia paquete 1 Kg,https://www.dia.es/arroz-pastas-y-legumbres/arroz/p/61996,https://www.dia.es/product_images/61996/61996_ISO_0_ES.jpg?imwidth=392,"1,73 €",Grasas 2.1g de las cuales saturadas 0.5g Hidratos de Carbono 71g de los cuales azúcares 1g Fibra alimentaria 4.2g Proteínas 8g Sal 0.01g,No disponible,"(1,73 €/KILO)"
Arroz integral Brillante vaso 2 x 125 g,https://www.dia.es/arroz-pastas-y-legumbres/arroz/p/145913,https://www.dia.es/product_images/145913/145913_ISO_0_ES.jpg?imwidth=392,"1,25 €",Grasas 3g de las cuales saturadas 0.5g Hidratos de Carbono 32g de los cuales azúcares 0.6g Fibra alimentaria 1g Proteínas 4g Sal 0.6g,No disponible,"(5,00 €/KILO)"
Arroz integral con quinoa Brillante vaso 2 x 125 g,https://www.dia.es/arroz-pastas-y-legumbres/arroz/p/209073,https://www.dia.es/product_images/209073/209073_ISO_0_ES.jpg?imwidth=392,"1,49 €",Grasas 4g de las cuales saturadas 0.6g Hidratos de Carbono 27g de los cuales azúcares 0g Fibra alimentaria 6g Proteínas 4.3g Sal 0.3g,No disponible,"(5,96 €/KILO)"
Arroz redondo tradicional Brillante vaso 400 g,https://www.dia.es/arroz-pastas-y-legumbres/arroz/p/189013,https://www.dia.es/product_images/189013/189013_ISO_0_ES.jpg?imwidth=392,"2,33 €",Grasas 2.7g de las cuales saturadas 0.4g Hidratos de Carbono 35g de los cuales azúcares 0.1g Fibra alimentaria 0.6g Proteínas 3.3g Sal 0.31g,No disponible,"(5,83 €/KILO)"
Arroz arborio risotto Riso scotti bolsa 500 g,https://www.dia.es/arroz-pastas-y-legumbres/arroz/p/184588,https://www.dia.es/product_images/184588/184588_ISO_0_ES.jpg?imwidth=392,"1,83 €",Grasas 1g de las cuales saturadas 0g Hidratos de Carbono 77g de los cuales azúcares 0g Fibra alimentaria 2g Proteínas 7g Sal 0g,No disponible,"(3,66 €/KILO)"
Arroz integral SOS bolsa 1 Kg,https://www.dia.es/arroz-pastas-y-legumbres/arroz/p/48733,https://www.dia.es/product_images/48733/48733_ISO_0_ES.jpg?imwidth=392,"2,09 €",Grasas 3g de las cuales saturadas 1g Hidratos de Carbono 71g de los cuales azúcares 1g Fibra alimentaria 5g Proteínas 8g Sal 0g,No disponible,"(2,09 €/KILO)"
Mezcla de 3 arroces Arrozona de Dia bolsa 1 Kg,https://www.dia.es/arroz-pastas-y-legumbres/arroz/p/264798,https://www.dia.es/product_images/264798/264798_ISO_0_ES.jpg?imwidth=392,"3,05 €",Grasas 1.6g de las cuales saturadas 0.5g Hidratos de Carbono 75g de los cuales azúcares 0g Fibra alimentaria 1.6g Proteínas 8.1g Sal 0g,No disponible,"(3,05 €/KILO)"
Arroz risotto Selección Mundial de Dia paquete 1 Kg,https://www.dia.es/arroz-pastas-y-legumbres/arroz/p/264797,https://www.dia.es/product_images/264797/264797_ISO_0_ES.jpg?imwidth=392,"3,88 €",Grasas 0.4g de las cuales saturadas 0.1g Hidratos de Carbono 80.4g de los cuales azúcares 0.2g Fibra alimentaria 1g Proteínas 6.7g Sal 0.01g,No disponible,"(3,88 €/KILO)"
Arroz basmati Brillante vaso 400 g,https://www.dia.es/arroz-pastas-y-legumbres/arroz/p/282775,https://www.dia.es/product_images/282775/282775_ISO_0_ES.jpg?imwidth=392,"2,43 €",Grasas 2.3g de las cuales saturadas 0.3g Hidratos de Carbono 32g de los cuales azúcares 0g Fibra alimentaria 0.4g Proteínas 3.7g Sal 0.39g,No disponible,"(6,08 €/KILO)"
Arroz basmati Tilda paquete 1 Kg,https://www.dia.es/arroz-pastas-y-legumbres/arroz/p/208673,https://www.dia.es/product_images/208673/208673_ISO_0_ES.jpg?imwidth=392,"3,52 €",Grasas 1.1g de las cuales saturadas 0.4g Hidratos de Carbono 76g de los cuales azúcares 0g Fibra alimentaria 0.9g Proteínas 8.6g Sal 0g,No disponible,"(3,52 €/KILO)"
Macarrón Al Diante Dia bolsa 1 Kg,https://www.dia.es/arroz-pastas-y-legumbres/pastas/p/50973,https://www.dia.es/product_images/50973/50973_ISO_0_ES.jpg?imwidth=392,"1,27 €",Grasas 1.5g de las cuales saturadas 0.3g Hidratos de Carbono 70g de los cuales azúcares 2.9g Fibra alimentaria 3.6g Proteínas 12g Sal 0.03g,No disponible,"(1,27 €/KILO)"
Espagueti Al Diante Dia bolsa 1 Kg,https://www.dia.es/arroz-pastas-y-legumbres/pastas/p/52208,https://www.dia.es/product_images/52208/52208_ISO_0_ES.jpg?imwidth=392,"1,27 €",Grasas 1.5g de las cuales saturadas 0.3g Hidratos de Carbono 70g de los cuales azúcares 2.9g Fibra alimentaria 3.6g Proteínas 12g Sal 0.03g,No disponible,"(1,27 €/KILO)"
Espirales tricolor Al Diante Dia bolsa 500 g,https://www.dia.es/arroz-pastas-y-legumbres/pastas/p/33117,https://www.dia.es/product_images/33117/33117_ISO_0_ES.jpg?imwidth=392,"0,97 €",Grasas 2g de las cuales saturadas 0.4g Hidratos de Carbono 70g de los cuales azúcares 3.6g Fibra alimentaria 4g Proteínas 12g Sal 0.03g,No disponible,"(1,94 €/KILO)"
Pasta de tiburones Al Diante Dia bolsa 500 g,https://www.dia.es/arroz-pastas-y-legumbres/pastas/p/1127,https://www.dia.es/product_images/1127/1127_ISO_0_ES.jpg?imwidth=392,"0,78 €",Grasas 1.5g de las cuales saturadas 0.3g Hidratos de Carbono 70g de los cuales azúcares 2.9g Fibra alimentaria 3.6g Proteínas 12g Sal 0.03g,No disponible,"(1,56 €/KILO)"
Tallarines Al Diante Dia bolsa 500 g,https://www.dia.es/arroz-pastas-y-legumbres/pastas/p/74729,https://www.dia.es/product_images/74729/74729_ISO_0_ES.jpg?imwidth=392,"0,78 €",Grasas 1.5g de las cuales saturadas 0.3g Hidratos de Carbono 70g de los cuales azúcares 2.9g Fibra alimentaria 3.6g Proteínas 12g Sal 0.03g,No disponible,"(1,56 €/KILO)"
Fideo cabellín Al Diante Dia bolsa 500 g,https://www.dia.es/arroz-pastas-y-legumbres/pastas/p/515,https://www.dia.es/product_images/515/515_ISO_0_ES.jpg?imwidth=392,"0,78 €",Grasas 1.5g de las cuales saturadas 0.3g Hidratos de Carbono 70g de los cuales azúcares 2.9g Fibra alimentaria 3.6g Proteínas 12g Sal 0.03g,No disponible,"(1,56 €/KILO)"
Macarrón integral Al Diante Dia bolsa 500 g,https://www.dia.es/arroz-pastas-y-legumbres/pastas/p/277305,https://www.dia.es/product_images/277305/277305_ISO_0_ES.jpg?imwidth=392,"1,18 €",Grasas 2g de las cuales saturadas 0.4g Hidratos de Carbono 65g de los cuales azúcares 2.8g Fibra alimentaria 8g Proteínas 12g Sal 0.03g,No disponible,"(2,36 €/KILO)"
Fideuá Al Diante Dia bolsa 500 g,https://www.dia.es/arroz-pastas-y-legumbres/pastas/p/6265,https://www.dia.es/product_images/6265/6265_ISO_0_ES.jpg?imwidth=392,"0,78 €",Grasas 1.5g de las cuales saturadas 0.3g Hidratos de Carbono 70g de los cuales azúcares 2.9g Fibra alimentaria 3.6g Proteínas 12g Sal 0.03g,No disponible,"(1,56 €/KILO)"
Pluma rayada n 5 Al Diante Dia bolsa 500 g,https://www.dia.es/arroz-pastas-y-legumbres/pastas/p/290664,https://www.dia.es/product_images/290664/290664_ISO_0_ES.jpg?imwidth=392,"0,78 €",Grasas 1.5g de las cuales saturadas 0.3g Hidratos de Carbono 70g Fibra alimentaria 3.6g Proteínas 12g Sal 0.03g,No disponible,"(1,56 €/KILO)"
Fideo grueso Al Diante Dia bolsa 500 g,https://www.dia.es/arroz-pastas-y-legumbres/pastas/p/290665,https://www.dia.es/product_images/290665/290665_ISO_0_ES.jpg?imwidth=392,"0,78 €",Grasas 1.5g de las cuales saturadas 0.3g Hidratos de Carbono 70g Fibra alimentaria 3.6g Proteínas 12g Sal 0.03g,No disponible,"(1,56 €/KILO)"
Ñoquis bolitas de patata Gallo bolsa 400 g,https://www.dia.es/arroz-pastas-y-legumbres/pastas/p/150155,https://www.dia.es/product_images/150155/150155_ISO_0_ES.jpg?imwidth=392,"1,49 €",Grasas 0.4g de las cuales saturadas 0.1g Hidratos de Carbono 33g de los cuales azúcares 0.3g Fibra alimentaria 1.3g Proteínas 3.8g Sal 1.2g,No disponible,"(3,73 €/KILO)"
Macarrón Al Diante Dia bolsa 500 g,https://www.dia.es/arroz-pastas-y-legumbres/pastas/p/518,https://www.dia.es/product_images/518/518_ISO_0_ES.jpg?imwidth=392,"0,78 €",Grasas 1.5g de las cuales saturadas 0.3g Hidratos de Carbono 70g de los cuales azúcares 2.9g Fibra alimentaria 3.6g Proteínas 12g Sal 0.03g,No disponible,"(1,56 €/KILO)"
Espagueti integral Al Diante Dia bolsa 500 g,https://www.dia.es/arroz-pastas-y-legumbres/pastas/p/1155,https://www.dia.es/product_images/1155/1155_ISO_0_ES.jpg?imwidth=392,"1,18 €",Grasas 2g de las cuales saturadas 0.1g Hidratos de Carbono 65g de los cuales azúcares 2.8g Fibra alimentaria 8g Proteínas 12g Sal 0.03g,No disponible,"(2,36 €/KILO)"
Tortelloni de carne Gallo bolsa 200 g,https://www.dia.es/arroz-pastas-y-legumbres/pastas/p/189486,https://www.dia.es/product_images/189486/189486_ISO_0_ES.jpg?imwidth=392,"1,46 €",Grasas 12g de las cuales saturadas 5.7g Hidratos de Carbono 42g de los cuales azúcares 3.9g Fibra alimentaria 5.2g Proteínas 11g Sal 1.6g,No disponible,"(7,30 €/KILO)"
Placas para lasaña El pavo caja 200 g,https://www.dia.es/arroz-pastas-y-legumbres/pastas/p/39200,https://www.dia.es/product_images/39200/39200_ISO_0_ES.jpg?imwidth=392,"1,46 €",Grasas 1.4g de las cuales saturadas 0.2g Hidratos de Carbono 73g de los cuales azúcares 1.5g Fibra alimentaria 3.9g Proteínas 12g Sal 0g,No disponible,"(7,30 €/KILO)"
Espagueti Al Diante Dia bolsa 500 g,https://www.dia.es/arroz-pastas-y-legumbres/pastas/p/520,https://www.dia.es/product_images/520/520_ISO_0_ES.jpg?imwidth=392,"0,78 €",Grasas 1.5g de las cuales saturadas 0.3g Hidratos de Carbono 70g de los cuales azúcares 2.9g Fibra alimentaria 3.6g Proteínas 12g Sal 0.03g,No disponible,"(1,56 €/KILO)"
Pasta penne Selección Mundial de Dia bolsa 500 g,https://www.dia.es/arroz-pastas-y-legumbres/pastas/p/275006,https://www.dia.es/product_images/275006/275006_ISO_0_ES.jpg?imwidth=392,"1,27 €",Grasas 2g de las cuales saturadas 0.4g Hidratos de Carbono 65g de los cuales azúcares 2.8g Fibra alimentaria 8g Proteínas 12g Sal 0.03g,No disponible,"(2,54 €/KILO)"
Pasta fusilloni Al Diante Dia bolsa 500 g,https://www.dia.es/arroz-pastas-y-legumbres/pastas/p/302930,https://www.dia.es/product_images/302930/302930_ISO_0_ES.jpg?imwidth=392,"1,89 €",Grasas 1.5g de las cuales saturadas 0.3g Hidratos de Carbono 70g de los cuales azúcares 2.9g Fibra alimentaria 3.6g Proteínas 12g Sal 0.03g,No disponible,"(3,78 €/KILO)"
Macarrón rayado al diante Al Diante Dia bolsa 500 g,https://www.dia.es/arroz-pastas-y-legumbres/pastas/p/290663,https://www.dia.es/product_images/290663/290663_ISO_0_ES.jpg?imwidth=392,"0,97 €",Grasas 2g de las cuales saturadas 0.4g Hidratos de Carbono 70g de los cuales azúcares 3.6g Fibra alimentaria 4g Proteínas 12g Sal 0.03g,No disponible,"(1,94 €/KILO)"
Pluma nº 6 Gallo bolsa 450 g,https://www.dia.es/arroz-pastas-y-legumbres/pastas/p/69536,https://www.dia.es/product_images/69536/69536_ISO_0_ES.jpg?imwidth=392,"1,36 €",Grasas 2g de las cuales saturadas 0.5g Hidratos de Carbono 68g de los cuales azúcares 3.5g Fibra alimentaria 3g Proteínas 12g Sal 0.03g,No disponible,"(3,02 €/KILO)"
Garbanzos extra Vegecampo de Dia bolsa 1 Kg,https://www.dia.es/arroz-pastas-y-legumbres/garbanzos/p/155,https://www.dia.es/product_images/155/155_ISO_0_ES.jpg?imwidth=392,"2,19 €",Grasas 6.9g de las cuales saturadas 0.9g Hidratos de Carbono 36g de los cuales azúcares 3.5g Proteínas 19g,No disponible,"(2,19 €/KILO)"
Garbanzo pedrosillano Vegecampo de Dia bolsa 1 Kg,https://www.dia.es/arroz-pastas-y-legumbres/garbanzos/p/194830,https://www.dia.es/product_images/194830/194830_ISO_0_ES.jpg?imwidth=392,"1,90 €",Grasas 6.9g de las cuales saturadas 0.9g Hidratos de Carbono 36g de los cuales azúcares 3.5g Proteínas 19g Sal 0g,No disponible,"(1,90 €/KILO)"
Garbanzos cocidos extra Vegecampo de Dia frasco 400 g,https://www.dia.es/arroz-pastas-y-legumbres/garbanzos/p/1232,https://www.dia.es/product_images/1232/1232_ISO_0_ES.jpg?imwidth=392,"0,71 €",Grasas 1.9g de las cuales saturadas 0.3g Hidratos de Carbono 12g de los cuales azúcares 0g Proteínas 5.4g Sal 0.53g,No disponible,"(1,78 €/KILO)"
Garbanzos cocidos extra Vegecampo de Dia frasco 210 g,https://www.dia.es/arroz-pastas-y-legumbres/garbanzos/p/284017,https://www.dia.es/product_images/284017/284017_ISO_0_ES.jpg?imwidth=392,"0,65 €",Grasas 1.9g de las cuales saturadas 0.3g Hidratos de Carbono 12g de los cuales azúcares 0g Proteínas 5.4g Sal 0.53g,No disponible,"(3,10 €/KILO)"
Garbanzo cocido pedrosillano Vegecampo de Dia frasco 400 g,https://www.dia.es/arroz-pastas-y-legumbres/garbanzos/p/268896,https://www.dia.es/product_images/268896/268896_ISO_0_ES.jpg?imwidth=392,"1,05 €",Grasas 1.9g de las cuales saturadas 0.3g Hidratos de Carbono 12g de los cuales azúcares 0g Proteínas 5.4g Sal 0.53g,No disponible,"(2,63 €/KILO)"
Garbanzos cocidos Luengo frasco 400 g,https://www.dia.es/arroz-pastas-y-legumbres/garbanzos/p/101720,https://www.dia.es/product_images/101720/101720_ISO_0_ES.jpg?imwidth=392,"1,30 €",Grasas 1.9g de las cuales saturadas 0.3g Hidratos de Carbono 12g de los cuales azúcares 0g Proteínas 5.4g Sal 0.53g,No disponible,"(3,25 €/KILO)"
Garbanzos cocidos bajo contenido en sal Vegecampo de Dia frasco 400 g,https://www.dia.es/arroz-pastas-y-legumbres/garbanzos/p/222740,https://www.dia.es/product_images/222740/222740_ISO_0_ES.jpg?imwidth=392,"1,05 €",Grasas 1.9g de las cuales saturadas 0.4g Hidratos de Carbono 12g de los cuales azúcares 0.5g Proteínas 5.7g Sal 0.04g,No disponible,"(2,63 €/KILO)"
Garbanzos Luengo bolsa 1 Kg,https://www.dia.es/arroz-pastas-y-legumbres/garbanzos/p/73816,https://www.dia.es/product_images/73816/73816_ISO_0_ES.jpg?imwidth=392,"3,87 €",Grasas 5.8g de las cuales saturadas 1.1g Hidratos de Carbono 46g de los cuales azúcares 5.4g Proteínas 21g Sal 0.03g,No disponible,"(3,87 €/KILO)"
Garbanzo pedrosillano Luengo bolsa 1 Kg,https://www.dia.es/arroz-pastas-y-legumbres/garbanzos/p/77561,https://www.dia.es/product_images/77561/77561_ISO_0_ES.jpg?imwidth=392,"3,42 €",Grasas 5.8g de las cuales saturadas 1.1g Hidratos de Carbono 46g de los cuales azúcares 5.4g Proteínas 21g Sal 0.03g,No disponible,"(3,42 €/KILO)"
Garbanzos con verduras cocidas Luengo frasco 400 g,https://www.dia.es/arroz-pastas-y-legumbres/garbanzos/p/189831,https://www.dia.es/product_images/189831/189831_ISO_0_ES.jpg?imwidth=392,"1,45 €",Grasas 1.4g de las cuales saturadas 0.2g Hidratos de Carbono 10g de los cuales azúcares 0.7g Proteínas 4.7g Sal 0.63g,No disponible,"(3,63 €/KILO)"
Garbanzos cocidos Legumbres La Asturiana frasco 210 g,https://www.dia.es/arroz-pastas-y-legumbres/garbanzos/p/166948,https://www.dia.es/product_images/166948/166948_ISO_0_ES.jpg?imwidth=392,"1,20 €",Grasas 2.2g de las cuales saturadas 0.5g Hidratos de Carbono 9.5g de los cuales azúcares 0.7g Proteínas 5.5g Sal 0.8g,No disponible,"(5,71 €/KILO)"
Garbanzo cocido Legumbres La Asturiana frasco 400 g,https://www.dia.es/arroz-pastas-y-legumbres/garbanzos/p/47496,https://www.dia.es/product_images/47496/47496_ISO_0_ES.jpg?imwidth=392,"1,70 €",Grasas 2.2g de las cuales saturadas 0.5g Hidratos de Carbono 9.5g de los cuales azúcares 0.7g Proteínas 5.5g Sal 0.8g,No disponible,"(4,25 €/KILO)"
Garbanzo de escacena cocido Luengo frasco 400 g,https://www.dia.es/arroz-pastas-y-legumbres/garbanzos/p/282307,https://www.dia.es/product_images/282307/282307_ISO_0_ES.jpg?imwidth=392,"1,45 €",Grasas 2g de las cuales saturadas 0g Hidratos de Carbono 12g de los cuales azúcares 0g Proteínas 5.4g Sal 0.5g,No disponible,"(3,63 €/KILO)"
Garbanzo cocido ecológico Luengo frasco 400 g,https://www.dia.es/arroz-pastas-y-legumbres/garbanzos/p/275725,https://www.dia.es/product_images/275725/275725_ISO_0_ES.jpg?imwidth=392,"1,99 €",Grasas 2g de las cuales saturadas 0.5g Hidratos de Carbono 12g de los cuales azúcares 0.5g Proteínas 5g Sal 0.5g,No disponible,"(4,98 €/KILO)"
Garbanzos cocidos sin sal Legumbres La Asturiana frasco 400 g,https://www.dia.es/arroz-pastas-y-legumbres/garbanzos/p/165208,https://www.dia.es/product_images/165208/165208_ISO_0_ES.jpg?imwidth=392,"1,75 €",Grasas 2.2g de las cuales saturadas 0.5g Hidratos de Carbono 9.5g de los cuales azúcares 0.7g Proteínas 5.5g Sal 0.03g,No disponible,"(4,38 €/KILO)"
Alubias blancas Vegecampo de Dia bolsa 1 Kg,https://www.dia.es/arroz-pastas-y-legumbres/alubias/p/154,https://www.dia.es/product_images/154/154_ISO_0_ES.jpg?imwidth=392,"2,04 €",Grasas 2g de las cuales saturadas 0.4g Hidratos de Carbono 33g de los cuales azúcares 3.5g Proteínas 20g Sal 0g,No disponible,"(2,04 €/KILO)"
Alubias pintas Vegecampo de Dia bolsa 1 Kg,https://www.dia.es/arroz-pastas-y-legumbres/alubias/p/156,https://www.dia.es/product_images/156/156_ISO_0_ES.jpg?imwidth=392,"2,45 €",Grasas 2g de las cuales saturadas 0.4g Hidratos de Carbono 33g de los cuales azúcares 3.5g Proteínas 20g Sal 0g,No disponible,"(2,45 €/KILO)"
Alubia negra Vegecampo de Dia bolsa 500 g,https://www.dia.es/arroz-pastas-y-legumbres/alubias/p/61318,https://www.dia.es/product_images/61318/61318_ISO_0_ES.jpg?imwidth=392,"1,23 €",Grasas 2.9g de las cuales saturadas 0.5g Hidratos de Carbono 30g de los cuales azúcares 3g Proteínas 22g Sal 0g,No disponible,"(2,46 €/KILO)"
Alubias blancas extra Vegecampo de Dia frasco 400 g,https://www.dia.es/arroz-pastas-y-legumbres/alubias/p/1233,https://www.dia.es/product_images/1233/1233_ISO_0_ES.jpg?imwidth=392,"0,67 €",Grasas 0g de las cuales saturadas 0g Hidratos de Carbono 12g de los cuales azúcares 0.6g Proteínas 5.3g Sal 0.54g,No disponible,"(1,68 €/KILO)"
Alubias rojas cocidas Vegecampo de Dia frasco 400 g,https://www.dia.es/arroz-pastas-y-legumbres/alubias/p/210523,https://www.dia.es/product_images/210523/210523_ISO_0_ES.jpg?imwidth=392,"1,10 €",Grasas 0.7g de las cuales saturadas 0.2g Hidratos de Carbono 10g de los cuales azúcares 0.6g Proteínas 6.4g Sal 0.6g,No disponible,"(2,75 €/KILO)"
Alubias pintas cocidas Vegecampo de Dia frasco 400 g,https://www.dia.es/arroz-pastas-y-legumbres/alubias/p/254987,https://www.dia.es/product_images/254987/254987_ISO_0_ES.jpg?imwidth=392,"1,15 €",Grasas 0g de las cuales saturadas 0g Hidratos de Carbono 9.9g de los cuales azúcares 0g Proteínas 5.8g Sal 0.6g,No disponible,"(2,88 €/KILO)"
Judión cocido extra Vegecampo de Dia frasco 400 g,https://www.dia.es/arroz-pastas-y-legumbres/alubias/p/135263,https://www.dia.es/product_images/135263/135263_ISO_0_ES.jpg?imwidth=392,"1,65 €",Grasas 0.8g de las cuales saturadas 0g Hidratos de Carbono 15g de los cuales azúcares 0g Proteínas 5.4g Sal 0.59g,No disponible,"(4,13 €/KILO)"
Alubias blancas extra Vegecampo de Dia frasco 210 g,https://www.dia.es/arroz-pastas-y-legumbres/alubias/p/283985,https://www.dia.es/product_images/283985/283985_ISO_0_ES.jpg?imwidth=392,"0,62 €",Grasas 0g de las cuales saturadas 0g Hidratos de Carbono 12g de los cuales azúcares 0.6g Proteínas 5.3g Sal 0.54g,No disponible,"(2,95 €/KILO)"
Alubias blancas con verduras Vegecampo de Dia frasco 400 g,https://www.dia.es/arroz-pastas-y-legumbres/alubias/p/50647,https://www.dia.es/product_images/50647/50647_ISO_0_ES.jpg?imwidth=392,"1,19 €",Grasas 0g de las cuales saturadas 0g Hidratos de Carbono 9.2g de los cuales azúcares 0g Proteínas 4.7g Sal 0.5g,No disponible,"(2,98 €/KILO)"
Alubia cocida Luengo frasco 400 g,https://www.dia.es/arroz-pastas-y-legumbres/alubias/p/119810,https://www.dia.es/product_images/119810/119810_ISO_0_ES.jpg?imwidth=392,"1,34 €",Grasas 0g de las cuales saturadas 0g Hidratos de Carbono 12g de los cuales azúcares 0.6g Proteínas 5.3g Sal 0.54g,No disponible,"(3,35 €/KILO)"
Alubias blancas bajo contenido en sal Vegecampo de Dia frasco 400 g,https://www.dia.es/arroz-pastas-y-legumbres/alubias/p/283986,https://www.dia.es/product_images/283986/283986_ISO_0_ES.jpg?imwidth=392,"0,95 €",Grasas 0g de las cuales saturadas 0g Hidratos de Carbono 11g de los cuales azúcares 0g Proteínas 6.4g Sal 0.04g,No disponible,"(2,38 €/KILO)"
Alubias blancas Luengo bolsa 1 Kg,https://www.dia.es/arroz-pastas-y-legumbres/alubias/p/102510,https://www.dia.es/product_images/102510/102510_ISO_0_ES.jpg?imwidth=392,"3,83 €",Grasas 2.1g de las cuales saturadas 0.3g Hidratos de Carbono 39g de los cuales azúcares 5.3g Proteínas 20.8g Sal 0.02g,No disponible,"(3,83 €/KILO)"
Alubias blancas cocidas Legumbres La Asturiana frasco 400 g,https://www.dia.es/arroz-pastas-y-legumbres/alubias/p/53235,https://www.dia.es/product_images/53235/53235_ISO_0_ES.jpg?imwidth=392,"1,70 €",Grasas 0.4g de las cuales saturadas 0.1g Hidratos de Carbono 10.7g de los cuales azúcares 0.8g Proteínas 5.8g Sal 0.8g,No disponible,"(4,25 €/KILO)"
Alubia cocido sin sal Legumbres La Asturiana frasco 400 g,https://www.dia.es/arroz-pastas-y-legumbres/alubias/p/165207,https://www.dia.es/product_images/165207/165207_ISO_0_ES.jpg?imwidth=392,"1,75 €",Grasas 0.4g de las cuales saturadas 0.1g Hidratos de Carbono 10.7g de los cuales azúcares 0.8g Proteínas 5.8g Sal 0.06g,No disponible,"(4,38 €/KILO)"
Alubia de la bañeza cocida Luengo frasco 400 g,https://www.dia.es/arroz-pastas-y-legumbres/alubias/p/282305,https://www.dia.es/product_images/282305/282305_ISO_0_ES.jpg?imwidth=392,"1,45 €",Grasas 0g de las cuales saturadas 0g Hidratos de Carbono 12g de los cuales azúcares 0.6g Proteínas 5.3g Sal 0.6g,No disponible,"(3,63 €/KILO)"
Judión cocido Legumbres La Asturiana frasco 400 g,https://www.dia.es/arroz-pastas-y-legumbres/alubias/p/61787,https://www.dia.es/product_images/61787/61787_ISO_0_ES.jpg?imwidth=392,"2,55 €",Grasas 0.4g de las cuales saturadas 0.1g Hidratos de Carbono 9.9g de los cuales azúcares 1.3g Proteínas 5.1g Sal 0.8g,No disponible,"(6,38 €/KILO)"
Alubias pintas cocidas Legumbres La Asturiana frasco 400 g,https://www.dia.es/arroz-pastas-y-legumbres/alubias/p/120828,https://www.dia.es/product_images/120828/120828_ISO_0_ES.jpg?imwidth=392,"1,75 €",Grasas 0.4g de las cuales saturadas 0.1g Hidratos de Carbono 13.1g de los cuales azúcares 0.9g Proteínas 6.2g Sal 0.8g,No disponible,"(4,38 €/KILO)"
Lentejas cocidas Vegecampo de Dia frasco 400 g,https://www.dia.es/arroz-pastas-y-legumbres/lentejas/p/58809,https://www.dia.es/product_images/58809/58809_ISO_0_ES.jpg?imwidth=392,"0,80 €",Grasas 0g de las cuales saturadas 0g Hidratos de Carbono 13g de los cuales azúcares 0g Proteínas 6.6g Sal 0.69g,No disponible,"(2,00 €/KILO)"
Lenteja castellana Vegecampo de Dia bolsa 1 Kg,https://www.dia.es/arroz-pastas-y-legumbres/lentejas/p/157,https://www.dia.es/product_images/157/157_ISO_0_ES.jpg?imwidth=392,"1,99 €",Grasas 1.9g de las cuales saturadas 0.3g Hidratos de Carbono 36g de los cuales azúcares 1.2g Proteínas 24g Sal 0g,No disponible,"(1,99 €/KILO)"
Lenteja roja Vegecampo de Dia bolsa 1 Kg,https://www.dia.es/arroz-pastas-y-legumbres/lentejas/p/291145,https://www.dia.es/product_images/291145/291145_ISO_0_ES.jpg?imwidth=392,"1,93 €",Grasas 2.1g de las cuales saturadas 0.4g Hidratos de Carbono 32g Proteínas 25g,No disponible,"(1,93 €/KILO)"
Lenteja pardina Luengo bolsa 500 g,https://www.dia.es/arroz-pastas-y-legumbres/lentejas/p/1878,https://www.dia.es/product_images/1878/1878_ISO_0_ES.jpg?imwidth=392,"1,99 €",Grasas 2.1g de las cuales saturadas 0.4g Hidratos de Carbono 23g de los cuales azúcares 1.8g Proteínas 23g Sal 0g,No disponible,"(3,98 €/KILO)"
Lentejas cocidas Vegecampo de Dia frasco 210 g,https://www.dia.es/arroz-pastas-y-legumbres/lentejas/p/290920,https://www.dia.es/product_images/290920/290920_ISO_0_ES.jpg?imwidth=392,"0,70 €",Grasas 0g de las cuales saturadas 0g Hidratos de Carbono 13g de los cuales azúcares 0g Proteínas 6.6g Sal 0.69g,No disponible,"(3,33 €/KILO)"
Lenteja pardina Luengo bolsa 1 Kg,https://www.dia.es/arroz-pastas-y-legumbres/lentejas/p/189343,https://www.dia.es/product_images/189343/189343_ISO_0_ES.jpg?imwidth=392,"3,93 €",Grasas 2.1g de las cuales saturadas 0.4g Hidratos de Carbono 23g de los cuales azúcares 1.8g Proteínas 23g Sal 0g,No disponible,"(3,93 €/KILO)"
Lenteja pardina Legumbres La Asturiana bolsa 500 g,https://www.dia.es/arroz-pastas-y-legumbres/lentejas/p/50740,https://www.dia.es/product_images/50740/50740_ISO_0_ES.jpg?imwidth=392,"2,50 €",Grasas 1.2g de las cuales saturadas 0.2g Hidratos de Carbono 48.1g de los cuales azúcares 1.3g Fibra alimentaria 9.6g Proteínas 24.5g Sal 0.05g,No disponible,"(5,00 €/KILO)"
Lenteja pardina cocida Luengo frasco 400 g,https://www.dia.es/arroz-pastas-y-legumbres/lentejas/p/282306,https://www.dia.es/product_images/282306/282306_ISO_0_ES.jpg?imwidth=392,"1,45 €",Grasas 0g de las cuales saturadas 0g Hidratos de Carbono 13g de los cuales azúcares 0g Proteínas 6.6g Sal 0.69g,No disponible,"(3,63 €/KILO)"
Lenteja roja pelada Luengo bolsa 400 g,https://www.dia.es/arroz-pastas-y-legumbres/lentejas/p/300816,https://www.dia.es/product_images/300816/300816_ISO_0_ES.jpg?imwidth=392,"2,44 €",Grasas 2.1g de las cuales saturadas 0.3g Hidratos de Carbono 46g de los cuales azúcares 1.6g Proteínas 25g Sal 0g,No disponible,"(6,10 €/KILO)"
Lenteja pardina Legumbres La Asturiana bolsa 1 Kg,https://www.dia.es/arroz-pastas-y-legumbres/lentejas/p/38252,https://www.dia.es/product_images/38252/38252_ISO_0_ES.jpg?imwidth=392,"4,90 €",Grasas 1.2g de las cuales saturadas 0.2g Hidratos de Carbono 48.1g de los cuales azúcares 1.3g Fibra alimentaria 9.6g Proteínas 24.5g Sal 0.05g,No disponible,"(4,90 €/KILO)"
Quinoa blanca y roja Brillante vaso 2 x 125 g,https://www.dia.es/arroz-pastas-y-legumbres/quinoa-y-couscous/p/222177,https://www.dia.es/product_images/222177/222177_ISO_0_ES.jpg?imwidth=392,"1,59 €",Grasas 2.8g de las cuales saturadas 0.3g Hidratos de Carbono 23g de los cuales azúcares 0.7g Fibra alimentaria 2.7g Proteínas 4.8g Sal 0.4g,No disponible,"(6,36 €/KILO)"
Quinoa bolsa 500 g,https://www.dia.es/arroz-pastas-y-legumbres/quinoa-y-couscous/p/301013,https://www.dia.es/product_images/301013/301013_ISO_0_ES.jpg?imwidth=392,"2,65 €",No disponible,No disponible,"(5,30 €/KILO)"
Cous cous Gallo caja 500 g,https://www.dia.es/arroz-pastas-y-legumbres/quinoa-y-couscous/p/118805,https://www.dia.es/product_images/118805/118805_ISO_0_ES.jpg?imwidth=392,"2,04 €",Grasas 1.8g de las cuales saturadas 0.4g Hidratos de Carbono 69g de los cuales azúcares 2.1g Fibra alimentaria 4.2g Proteínas 12g Sal 0g,No disponible,"(4,08 €/KILO)"
Aceite refinado de girasol Diasol botella 1 l,https://www.dia.es/aceites-salsas-y-especias/aceites/p/101,https://www.dia.es/product_images/101/101_ISO_0_ES.jpg?imwidth=392,"1,53 €",Grasas 92g de las cuales saturadas 10.1g Hidratos de Carbono 0g de los cuales azúcares 0g Proteínas 0g Sal 0g,No disponible,"(1,53 €/LITRO)"
Aceite de oliva virgen extra La Almazara del Olivar de Dia botella 1 l,https://www.dia.es/aceites-salsas-y-especias/aceites/p/112529,https://www.dia.es/product_images/112529/112529_ISO_0_ES.jpg?imwidth=392,"8,85 €",Grasas 92g de las cuales saturadas 14g Hidratos de Carbono 0g de los cuales azúcares 0g Proteínas 0g Sal 0g,No disponible,"(8,85 €/LITRO)"
Aceite refinado de girasol Diasol garrafa 5 l,https://www.dia.es/aceites-salsas-y-especias/aceites/p/49894,https://www.dia.es/product_images/49894/49894_ISO_0_ES.jpg?imwidth=392,"7,16 €",Grasas 91.8g de las cuales saturadas 10.1g Hidratos de Carbono 0g de los cuales azúcares 0g Proteínas 0g Sal 0g,No disponible,"(1,43 €/LITRO)"
Aceite de oliva virgen La Almazara del Olivar de Dia botella 1 l,https://www.dia.es/aceites-salsas-y-especias/aceites/p/216284,https://www.dia.es/product_images/216284/216284_ISO_0_ES.jpg?imwidth=392,"7,75 €",Grasas 92g de las cuales saturadas 14g Hidratos de Carbono 0g de los cuales azúcares 0g Proteínas 0g Sal 0g,No disponible,"(7,75 €/LITRO)"
Aceite de orujo de oliva La Almazara del Olivar de Dia botella 1 l,https://www.dia.es/aceites-salsas-y-especias/aceites/p/12668,https://www.dia.es/product_images/12668/12668_ISO_0_ES.jpg?imwidth=392,"4,99 €",Grasas 100g de las cuales saturadas 14g Hidratos de Carbono 0g de los cuales azúcares 0g Proteínas 0g Sal 0g,No disponible,"(4,99 €/LITRO)"
Aceite de oliva virgen extra La Almazara del Olivar de Dia garrafa 3 l,https://www.dia.es/aceites-salsas-y-especias/aceites/p/266129,https://www.dia.es/product_images/266129/266129_ISO_0_ES.jpg?imwidth=392,"26,25 €",Grasas 92g de las cuales saturadas 14g Hidratos de Carbono 0g de los cuales azúcares 0g Proteínas 0g Sal 0g,No disponible,"(8,75 €/LITRO)"
Aceite de oliva suave La Almazara del Olivar de Dia botella 1 l,https://www.dia.es/aceites-salsas-y-especias/aceites/p/104,https://www.dia.es/product_images/104/104_ISO_0_ES.jpg?imwidth=392,"6,75 €",Grasas 91.5g de las cuales saturadas 12.8g Hidratos de Carbono 0g de los cuales azúcares 0g Proteínas 0g Sal 0g,No disponible,"(6,75 €/LITRO)"
Aceite de oliva intenso La Almazara del Olivar de Dia botella 1 l,https://www.dia.es/aceites-salsas-y-especias/aceites/p/105,https://www.dia.es/product_images/105/105_ISO_0_ES.jpg?imwidth=392,"6,75 €",Grasas 91.5g de las cuales saturadas 12.8g Hidratos de Carbono 0g de los cuales azúcares 0g Proteínas 0g Sal 0g,No disponible,"(6,75 €/LITRO)"
Aceite de oliva virgen La Almazara del Olivar de Dia garrafa 3 l,https://www.dia.es/aceites-salsas-y-especias/aceites/p/227121,https://www.dia.es/product_images/227121/227121_ISO_0_ES.jpg?imwidth=392,"22,95 €",Grasas 91.6g de las cuales saturadas 13.7g Hidratos de Carbono 0g de los cuales azúcares 0g Proteínas 0g Sal 0g,No disponible,"(7,65 €/LITRO)"
Aceite de oliva suave La Almazara del Olivar de Dia botella 3 l,https://www.dia.es/aceites-salsas-y-especias/aceites/p/27768,https://www.dia.es/product_images/27768/27768_ISO_0_ES.jpg?imwidth=392,"19,95 €",Grasas 100g de las cuales saturadas 14g Hidratos de Carbono 0g de los cuales azúcares 0g Proteínas 0g Sal 0g,No disponible,"(6,65 €/LITRO)"
Aceite de oliva intenso La Almazara del Olivar de Dia botella 3 l,https://www.dia.es/aceites-salsas-y-especias/aceites/p/65631,https://www.dia.es/product_images/65631/65631_ISO_0_ES.jpg?imwidth=392,"19,95 €",Grasas 100g de las cuales saturadas 14g Hidratos de Carbono 0g de los cuales azúcares 0g Proteínas 0g Sal 0g,No disponible,"(6,65 €/LITRO)"
Aceite de oliva suave Carbonell botella 1 l,https://www.dia.es/aceites-salsas-y-especias/aceites/p/100,https://www.dia.es/product_images/100/100_ISO_0_ES.jpg?imwidth=392,"10,69 €",Grasas 100g de las cuales saturadas 15g Hidratos de Carbono 0g de los cuales azúcares 0g Proteínas 0g Sal 0g,No disponible,"(10,69 €/LITRO)"
Aceite de girasol alto oleico especial freidora de aire Diasol spray 200 ml,https://www.dia.es/aceites-salsas-y-especias/aceites/p/302600,https://www.dia.es/product_images/302600/302600_ISO_0_ES.jpg?imwidth=392,"1,99 €",Grasas 100g de las cuales saturadas 12g de las cuales monoinsaturadas 80g de las cuales poliinsaturadas 8g Hidratos de Carbono 0g de los cuales azúcares 0g Proteínas 0g Sal 0g,No disponible,"(9,95 €/LITRO)"
Aceite de oliva intenso Carbonell botella 1 l,https://www.dia.es/aceites-salsas-y-especias/aceites/p/188385,https://www.dia.es/product_images/188385/188385_ISO_0_ES.jpg?imwidth=392,"10,69 €",Grasas 100g de las cuales saturadas 15g Hidratos de Carbono 0g de los cuales azúcares 0g Proteínas 0g Sal 0g,No disponible,"(10,69 €/LITRO)"
Aceite de girasol Koipe botella 1 l,https://www.dia.es/aceites-salsas-y-especias/aceites/p/193,https://www.dia.es/product_images/193/193_ISO_0_ES.jpg?imwidth=392,"2,65 €",Grasas 100g de las cuales saturadas 13g Hidratos de Carbono 0g de los cuales azúcares 0g Proteínas 0g Sal 0g,No disponible,"(2,65 €/LITRO)"
Aceite de oliva virgen extra Carbonell spray 200 ml,https://www.dia.es/aceites-salsas-y-especias/aceites/p/216988,https://www.dia.es/product_images/216988/216988_ISO_0_ES.jpg?imwidth=392,"4,26 €",Grasas 100g de las cuales saturadas 15g Hidratos de Carbono 0g de los cuales azúcares 0g Proteínas 0g Sal 0g,No disponible,"(21,30 €/LITRO)"
Aceite de girasol La masía garrafa 5 l,https://www.dia.es/aceites-salsas-y-especias/aceites/p/282336,https://www.dia.es/product_images/282336/282336_ISO_0_ES.jpg?imwidth=392,"9,39 €",Grasas 92g de las cuales saturadas 9.2g Hidratos de Carbono 0g de los cuales azúcares 0g Proteínas 0g Sal 0g,No disponible,"(1,88 €/LITRO)"
Aceite de oliva virgen extra Carbonell botella 1 l,https://www.dia.es/aceites-salsas-y-especias/aceites/p/70791,https://www.dia.es/product_images/70791/70791_ISO_0_ES.jpg?imwidth=392,"13,80 €",Grasas 100g de las cuales saturadas 15g Hidratos de Carbono 0g de los cuales azúcares 0g Proteínas 0g Sal 0g,No disponible,"(13,80 €/LITRO)"
Aceite de girasol especial para freír Koipe botella 1 l,https://www.dia.es/aceites-salsas-y-especias/aceites/p/198607,https://www.dia.es/product_images/198607/198607_ISO_0_ES.jpg?imwidth=392,"2,75 €",Grasas 92g de las cuales saturadas 9g Hidratos de Carbono 0g de los cuales azúcares 0g Proteínas 0g Sal 0g,No disponible,"(2,75 €/LITRO)"
Aceite de oliva suave La española botella 1 l,https://www.dia.es/aceites-salsas-y-especias/aceites/p/1548,https://www.dia.es/product_images/1548/1548_ISO_0_ES.jpg?imwidth=392,"10,99 €",Grasas 91g de las cuales saturadas 12g Hidratos de Carbono 0g de los cuales azúcares 0g Proteínas 0g Sal 0g,No disponible,"(10,99 €/LITRO)"
Vinagre de vino blanco Aliña tu Dia botella 1 l,https://www.dia.es/aceites-salsas-y-especias/vinagres-y-alinos/p/422,https://www.dia.es/product_images/422/422_ISO_0_ES.jpg?imwidth=392,"0,65 €",No disponible,No disponible,"(0,65 €/LITRO)"
Vinagre balsámico de módena Selección Mundial de Dia botella 500 ml,https://www.dia.es/aceites-salsas-y-especias/vinagres-y-alinos/p/106144,https://www.dia.es/product_images/106144/106144_ISO_0_ES.jpg?imwidth=392,"2,39 €",Grasas 0g de las cuales saturadas 0g Hidratos de Carbono 18g de los cuales azúcares 10g Proteínas 0.6g Sal 0.04g,No disponible,"(4,78 €/LITRO)"
Crema de vinagre de módena Aliña tu Dia botella 250 ml,https://www.dia.es/aceites-salsas-y-especias/vinagres-y-alinos/p/107321,https://www.dia.es/product_images/107321/107321_ISO_0_ES.jpg?imwidth=392,"1,99 €",Grasas 0g de las cuales saturadas 0g Hidratos de Carbono 53.6g de los cuales azúcares 40.2g Proteínas 0.6g Sal 0.05g,No disponible,"(7,96 €/LITRO)"
Vinagre de manzana Aliña tu Dia botella 1 l,https://www.dia.es/aceites-salsas-y-especias/vinagres-y-alinos/p/84060,https://www.dia.es/product_images/84060/84060_ISO_0_ES.jpg?imwidth=392,"0,80 €",Hidratos de Carbono 16g de los cuales azúcares 15g,No disponible,"(0,80 €/LITRO)"
Vinagre de jerez reserva dop Delicias de Dia botella 250 ml,https://www.dia.es/aceites-salsas-y-especias/vinagres-y-alinos/p/273811,https://www.dia.es/product_images/273811/273811_ISO_0_ES.jpg?imwidth=392,"1,99 €",No disponible,No disponible,"(7,96 €/LITRO)"
Aderezo de limón Aliña tu Dia botella 50 cl,https://www.dia.es/aceites-salsas-y-especias/vinagres-y-alinos/p/40166,https://www.dia.es/product_images/40166/40166_ISO_0_ES.jpg?imwidth=392,"0,99 €",Grasas 0g de las cuales saturadas 0g Hidratos de Carbono 3.7g de los cuales azúcares 0.5g Fibra alimentaria 7g Proteínas 0.1g Sal 0g,No disponible,"(1,98 €/LITRO)"
Zumo de limón concentrado Polenghi bote 200 ml,https://www.dia.es/aceites-salsas-y-especias/vinagres-y-alinos/p/237059,https://www.dia.es/product_images/237059/237059_ISO_0_ES.jpg?imwidth=392,"1,03 €",Grasas 0.03g de las cuales saturadas 0g Hidratos de Carbono 2g de los cuales azúcares 2g Proteínas 0.4g Sal 0g,No disponible,"(5,15 €/LITRO)"
Vinagre de vino blanco Borges botella 1 l,https://www.dia.es/aceites-salsas-y-especias/vinagres-y-alinos/p/225061,https://www.dia.es/product_images/225061/225061_ISO_0_ES.jpg?imwidth=392,"1,15 €",Grasas 0g de las cuales saturadas 0g Hidratos de Carbono 0g de los cuales azúcares 0g Proteínas 0.5g Sal 0.05g,No disponible,"(1,15 €/LITRO)"
Crema de vinagre con Pedro Ximénez Aliña tu Dia botella 220 ml,https://www.dia.es/aceites-salsas-y-especias/vinagres-y-alinos/p/207804,https://www.dia.es/product_images/207804/207804_ISO_0_ES.jpg?imwidth=392,"2,35 €",Grasas 0g de las cuales saturadas 0g Hidratos de Carbono 49g de los cuales azúcares 46g Proteínas 0.1g Sal 0g,No disponible,"(10,68 €/LITRO)"
Vinagre balsámico de módena Borges botella 250 ml,https://www.dia.es/aceites-salsas-y-especias/vinagres-y-alinos/p/68383,https://www.dia.es/product_images/68383/68383_ISO_0_ES.jpg?imwidth=392,"2,19 €",Grasas 0g de las cuales saturadas 0g Hidratos de Carbono 22g de los cuales azúcares 22g Proteínas 0.7g Sal 0.05g,No disponible,"(8,76 €/LITRO)"
Vinagre de manzana ecológico Riojavina botella 500 ml,https://www.dia.es/aceites-salsas-y-especias/vinagres-y-alinos/p/270283,https://www.dia.es/product_images/270283/270283_ISO_0_ES.jpg?imwidth=392,"2,35 €",No disponible,No disponible,"(4,70 €/LITRO)"
Crema de vinagre de Módena con frambuesa Aliña tu Dia botella 220 ml,https://www.dia.es/aceites-salsas-y-especias/vinagres-y-alinos/p/183217,https://www.dia.es/product_images/183217/183217_ISO_0_ES.jpg?imwidth=392,"2,35 €",Grasas 0g de las cuales saturadas 0g Hidratos de Carbono 57g de los cuales azúcares 50g Proteínas 0.3g Sal 0g,No disponible,"(10,68 €/LITRO)"
Vinagre de vino blanco Ybarra botella 1 l,https://www.dia.es/aceites-salsas-y-especias/vinagres-y-alinos/p/188810,https://www.dia.es/product_images/188810/188810_ISO_0_ES.jpg?imwidth=392,"1,05 €",No disponible,No disponible,"(1,05 €/LITRO)"
Crema vinagre de módena sin azúcares añadidos Vulpi botella 400 ml,https://www.dia.es/aceites-salsas-y-especias/vinagres-y-alinos/p/283349,https://www.dia.es/product_images/283349/283349_ISO_0_ES.jpg?imwidth=392,"1,99 €",No disponible,No disponible,"(4,98 €/LITRO)"
Vinagre de manzana Ybarra botella 1 l,https://www.dia.es/aceites-salsas-y-especias/vinagres-y-alinos/p/292664,https://www.dia.es/product_images/292664/292664_ISO_0_ES.jpg?imwidth=392,"1,95 €",No disponible,No disponible,"(1,95 €/LITRO)"
Vinagre de vino tinto Borges botella 1 l,https://www.dia.es/aceites-salsas-y-especias/vinagres-y-alinos/p/211412,https://www.dia.es/product_images/211412/211412_ISO_0_ES.jpg?imwidth=392,"1,15 €",Grasas 0g de las cuales saturadas 0g Hidratos de Carbono 0g de los cuales azúcares 0g Proteínas 0.5g Sal 0.04g,No disponible,"(1,15 €/LITRO)"
Vinagre de sidra Mayador botella 75 cl,https://www.dia.es/aceites-salsas-y-especias/vinagres-y-alinos/p/189841,https://www.dia.es/product_images/189841/189841_ISO_0_ES.jpg?imwidth=392,"2,79 €",No disponible,No disponible,"(3,72 €/LITRO)"
Tomate frito Vegecampo de Dia brik 3 x 390 g,https://www.dia.es/aceites-salsas-y-especias/tomate/p/128657,https://www.dia.es/product_images/128657/128657_ISO_0_ES.jpg?imwidth=392,"1,59 €",Grasas 3.3g de las cuales saturadas 0.4g Hidratos de Carbono 9.3g de los cuales azúcares 6.9g Proteínas 1.1g Sal 0.96g,No disponible,"(1,36 €/KILO)"
Tomate frito Vegecampo de Dia brik 3 x 215 g,https://www.dia.es/aceites-salsas-y-especias/tomate/p/1221,https://www.dia.es/product_images/1221/1221_ISO_0_ES.jpg?imwidth=392,"0,99 €",Grasas 3.3g de las cuales saturadas 0.4g Hidratos de Carbono 9.3g de los cuales azúcares 6.9g Proteínas 1.1g Sal 0.96g,No disponible,"(1,53 €/KILO)"
Tomate triturado Vegecampo de Dia lata 390 g,https://www.dia.es/aceites-salsas-y-especias/tomate/p/326,https://www.dia.es/product_images/326/326_ISO_0_ES.jpg?imwidth=392,"0,65 €",Grasas 0g de las cuales saturadas 0g Hidratos de Carbono 3.7g de los cuales azúcares 2.8g Proteínas 1g Sal 0.39g,No disponible,"(1,67 €/KILO)"
Tomate triturado Vegecampo de Dia lata 780 g,https://www.dia.es/aceites-salsas-y-especias/tomate/p/13105,https://www.dia.es/product_images/13105/13105_ISO_0_ES.jpg?imwidth=392,"0,96 €",Grasas 0g de las cuales saturadas 0g Hidratos de Carbono 3.7g de los cuales azúcares 2.8g Proteínas 1g Sal 0.39g,No disponible,"(1,23 €/KILO)"
Tomate frito Vegecampo de Dia frasco 550 g,https://www.dia.es/aceites-salsas-y-especias/tomate/p/10677,https://www.dia.es/product_images/10677/10677_ISO_0_ES.jpg?imwidth=392,"0,95 €",Grasas 3.3g de las cuales saturadas 0.4g Hidratos de Carbono 8.7g de los cuales azúcares 6.1g Proteínas 1.3g Sal 0.83g,No disponible,"(1,73 €/KILO)"
Tomate frito casero Vegecampo de Dia frasco 350 g,https://www.dia.es/aceites-salsas-y-especias/tomate/p/45500,https://www.dia.es/product_images/45500/45500_ISO_0_ES.jpg?imwidth=392,"1,49 €",Grasas 8g de las cuales saturadas 1.3g Hidratos de Carbono 11.4g de los cuales azúcares 8.7g Proteínas 1.6g Sal 0.38g,No disponible,"(4,26 €/KILO)"
Tomate entero pelado Vegecampo de Dia lata 480 g,https://www.dia.es/aceites-salsas-y-especias/tomate/p/5616,https://www.dia.es/product_images/5616/5616_ISO_0_ES.jpg?imwidth=392,"1,00 €",Grasas 0g de las cuales saturadas 0g Hidratos de Carbono 3.4g de los cuales azúcares 2.9g Fibra alimentaria 1g Proteínas 0.9g Sal 0.19g,No disponible,"(2,08 €/KILO)"
Pisto con aceite de oliva Vegecampo de Dia frasco 350 g,https://www.dia.es/aceites-salsas-y-especias/tomate/p/111055,https://www.dia.es/product_images/111055/111055_ISO_0_ES.jpg?imwidth=392,"1,39 €",Grasas 3g de las cuales saturadas 0.5g Hidratos de Carbono 9.8g de los cuales azúcares 7.1g Proteínas 1.2g Sal 0.84g,No disponible,"(3,97 €/KILO)"
Tomate frito Orlando brik 350 g,https://www.dia.es/aceites-salsas-y-especias/tomate/p/114545,https://www.dia.es/product_images/114545/114545_ISO_0_ES.jpg?imwidth=392,"1,00 €",Grasas 3.5g de las cuales saturadas 0.4g Hidratos de Carbono 9.1g de los cuales azúcares 7.4g Fibra alimentaria 0g Proteínas 1.1g Sal 1.5g,No disponible,"(2,86 €/KILO)"
Tomate troceado Vegecampo de Dia lata 390 g,https://www.dia.es/aceites-salsas-y-especias/tomate/p/10687,https://www.dia.es/product_images/10687/10687_ISO_0_ES.jpg?imwidth=392,"0,76 €",Grasas 0g de las cuales saturadas 0g Hidratos de Carbono 3.3g de los cuales azúcares 3g Fibra alimentaria 1.2g Proteínas 0.8g Sal 0.32g,No disponible,"(1,95 €/KILO)"
Tomate frito Orlando brik 3 x 212 g,https://www.dia.es/aceites-salsas-y-especias/tomate/p/115525,https://www.dia.es/product_images/115525/115525_ISO_0_ES.jpg?imwidth=392,"1,99 €",Grasas 3.5g de las cuales saturadas 0.4g Hidratos de Carbono 9.1g de los cuales azúcares 7.4g Fibra alimentaria 0g Proteínas 1.1g Sal 1.5g,No disponible,"(3,13 €/KILO)"
Tomate frito receta tradicional Vegecampo de Dia frasco 550 g,https://www.dia.es/aceites-salsas-y-especias/tomate/p/280064,https://www.dia.es/product_images/280064/280064_ISO_0_ES.jpg?imwidth=392,"2,06 €",Grasas 15g de las cuales saturadas 2.1g Hidratos de Carbono 12g de los cuales azúcares 10g Proteínas 1.9g Sal 1g,No disponible,"(3,75 €/KILO)"
Sofrito tomate y cebolla Gallina Blanca frasco 350 g,https://www.dia.es/aceites-salsas-y-especias/tomate/p/85943,https://www.dia.es/product_images/85943/85943_ISO_0_ES.jpg?imwidth=392,"2,39 €",Grasas 5.1g de las cuales saturadas 0.7g Hidratos de Carbono 5g de los cuales azúcares 4.8g Fibra alimentaria 1.8g Proteínas 1.3g Sal 0.54g,No disponible,"(7,35 €/KILO)"
Tomate frito casero con aceite de oliva Hida lata 340 g,https://www.dia.es/aceites-salsas-y-especias/tomate/p/101722,https://www.dia.es/product_images/101722/101722_ISO_0_ES.jpg?imwidth=392,"1,54 €",Grasas 5.1g de las cuales saturadas 0.7g Hidratos de Carbono 9.3g de los cuales azúcares 7.6g Fibra alimentaria 1.4g Proteínas 2g Sal 0.5g,No disponible,"(4,53 €/KILO)"
Tomate frito Solís brik 350 g,https://www.dia.es/aceites-salsas-y-especias/tomate/p/78731,https://www.dia.es/product_images/78731/78731_ISO_0_ES.jpg?imwidth=392,"0,99 €",Grasas 3.1g de las cuales saturadas 0.3g Hidratos de Carbono 8.7g de los cuales azúcares 5.9g Fibra alimentaria 1.2g Proteínas 1.2g Sal 1g,No disponible,"(2,83 €/KILO)"
Tomate frito Solís frasco 2 x 460 g,https://www.dia.es/aceites-salsas-y-especias/tomate/p/129986,https://www.dia.es/product_images/129986/129986_ISO_0_ES.jpg?imwidth=392,"3,79 €",Grasas 3.1g de las cuales saturadas 0.3g Hidratos de Carbono 8.7g de los cuales azúcares 5.9g Fibra alimentaria 1.2g Proteínas 1.2g Sal 1g,No disponible,"(4,12 €/KILO)"
Tomate frito con aceite de oliva Vegecampo de Dia brik 390 g,https://www.dia.es/aceites-salsas-y-especias/tomate/p/289048,https://www.dia.es/product_images/289048/289048_ISO_0_ES.jpg?imwidth=392,"0,95 €",Grasas 3.3g Hidratos de Carbono 9.5g de los cuales azúcares 6.5g Proteínas 1.5g Sal 0.95g,No disponible,"(2,44 €/KILO)"
Tomate frito 0% azúcares añadidos Hida frasco 350 g,https://www.dia.es/aceites-salsas-y-especias/tomate/p/303714,https://www.dia.es/product_images/303714/303714_ISO_0_ES.jpg?imwidth=392,"1,65 €",Grasas 3g de las cuales saturadas 0.4g Hidratos de Carbono 7.6g de los cuales azúcares 4.6g Fibra alimentaria 1g Proteínas 1.2g Sal 0.3g,No disponible,"(4,71 €/KILO)"
Pisto de tomate frito con verduras Hida lata 340 g,https://www.dia.es/aceites-salsas-y-especias/tomate/p/188861,https://www.dia.es/product_images/188861/188861_ISO_0_ES.jpg?imwidth=392,"1,99 €",Grasas 5g de las cuales saturadas 0.7g Hidratos de Carbono 10.8g de los cuales azúcares 7.4g Fibra alimentaria 1.5g Proteínas 1.3g Sal 0.3g,No disponible,"(5,85 €/KILO)"
Tomate frito estilo casero Solís lata 3 x 100 g,https://www.dia.es/aceites-salsas-y-especias/tomate/p/113716,https://www.dia.es/product_images/113716/113716_ISO_0_ES.jpg?imwidth=392,"2,19 €",Grasas 7g de las cuales saturadas 0.9g Hidratos de Carbono 7.8g de los cuales azúcares 7.6g Fibra alimentaria 1.4g Proteínas 1.3g Sal 0.9g,No disponible,"(7,30 €/KILO)"
Tomate frito Helios frasco 570 g,https://www.dia.es/aceites-salsas-y-especias/tomate/p/64276,https://www.dia.es/product_images/64276/64276_ISO_0_ES.jpg?imwidth=392,"1,99 €",Grasas 3.3g de las cuales saturadas 0.7g Hidratos de Carbono 19g de los cuales azúcares 8g Fibra alimentaria 1.4g Proteínas 0.4g Sal 1.5g,No disponible,"(3,49 €/KILO)"
Pisto casero 100% natural Gallina Blanca frasco 350 g,https://www.dia.es/aceites-salsas-y-especias/tomate/p/282402,https://www.dia.es/product_images/282402/282402_ISO_0_ES.jpg?imwidth=392,"2,39 €",Grasas 5.2g de las cuales saturadas 0.7g Hidratos de Carbono 5.9g de los cuales azúcares 5.6g Fibra alimentaria 1.9g Proteínas 1.3g Sal 0.73g,No disponible,"(7,35 €/KILO)"
Tomate frito bio Vegecampo de Dia frasco 350 g,https://www.dia.es/aceites-salsas-y-especias/tomate/p/280065,https://www.dia.es/product_images/280065/280065_ISO_0_ES.jpg?imwidth=392,"1,75 €",Grasas 3.3g de las cuales saturadas 0.4g Hidratos de Carbono 9.1g de los cuales azúcares 5.5g Proteínas 1.4g Sal 1g,No disponible,"(5,00 €/KILO)"
Tomate triturado Orlando brik 510 g,https://www.dia.es/aceites-salsas-y-especias/tomate/p/257289,https://www.dia.es/product_images/257289/257289_ISO_0_ES.jpg?imwidth=392,"1,88 €",Grasas 0.1g de las cuales saturadas 0g Hidratos de Carbono 3.1g de los cuales azúcares 3.1g Fibra alimentaria 0g Proteínas 0.7g Sal 0.3g,No disponible,"(3,69 €/KILO)"
Tomate doble concentrado Hida bote 170 g,https://www.dia.es/aceites-salsas-y-especias/tomate/p/241206,https://www.dia.es/product_images/241206/241206_ISO_0_ES.jpg?imwidth=392,"2,25 €",Grasas 0.1g de las cuales saturadas 0g Hidratos de Carbono 21.4g de los cuales azúcares 12.5g Fibra alimentaria 4.3g Proteínas 4.5g Sal 1g,No disponible,"(13,24 €/KILO)"
Tomate frito con aceite de oliva Helios frasco 560 g,https://www.dia.es/aceites-salsas-y-especias/tomate/p/188057,https://www.dia.es/product_images/188057/188057_ISO_0_ES.jpg?imwidth=392,"2,50 €",Grasas 5g de las cuales saturadas 0g Hidratos de Carbono 14g de los cuales azúcares 13g Fibra alimentaria 1g Proteínas 0.5g Sal 1g,No disponible,"(4,46 €/KILO)"
Tomate frito Solís frasco 360 g,https://www.dia.es/aceites-salsas-y-especias/tomate/p/1748,https://www.dia.es/product_images/1748/1748_ISO_0_ES.jpg?imwidth=392,"1,59 €",Grasas 3.1g de las cuales saturadas 0.3g Hidratos de Carbono 8.7g de los cuales azúcares 5.9g Fibra alimentaria 1.2g Proteínas 1.2g Sal 1g,No disponible,"(4,42 €/KILO)"
Tomate frito ecológico Orlando frasco 340 g,https://www.dia.es/aceites-salsas-y-especias/tomate/p/170737,https://www.dia.es/product_images/170737/170737_ISO_0_ES.jpg?imwidth=392,"2,19 €",Grasas 3.2g de las cuales saturadas 0.4g Hidratos de Carbono 10.2g de los cuales azúcares 6.4g Fibra alimentaria 1.2g Proteínas 1.1g Sal 0.9g,No disponible,"(6,44 €/KILO)"
Tomate frito sin sal Orlando brik 350 g,https://www.dia.es/aceites-salsas-y-especias/tomate/p/141138,https://www.dia.es/product_images/141138/141138_ISO_0_ES.jpg?imwidth=392,"1,49 €",Grasas 4.3g de las cuales saturadas 0.5g Hidratos de Carbono 7g de los cuales azúcares 5.3g Fibra alimentaria 0g Proteínas 1.2g Sal 0.1g,No disponible,"(4,26 €/KILO)"
Sofrito casero de tomate y verduras Gallina Blanca frasco 350 g,https://www.dia.es/aceites-salsas-y-especias/tomate/p/133503,https://www.dia.es/product_images/133503/133503_ISO_0_ES.jpg?imwidth=392,"2,39 €",Grasas 5.2g de las cuales saturadas 0.7g Hidratos de Carbono 5.9g de los cuales azúcares 5.6g Fibra alimentaria 1.9g Proteínas 1.3g Sal 0.73g,No disponible,"(7,35 €/KILO)"
Tomate frito con aceite de oliva Solís frasco 360 g,https://www.dia.es/aceites-salsas-y-especias/tomate/p/119817,https://www.dia.es/product_images/119817/119817_ISO_0_ES.jpg?imwidth=392,"1,79 €",Grasas 3.3g de las cuales saturadas 0.5g Hidratos de Carbono 8.2g de los cuales azúcares 5.6g Fibra alimentaria 1.4g Proteínas 1.3g Sal 1.1g,No disponible,"(4,97 €/KILO)"
Tomate frito con aceite oliva Orlando brik 350 g,https://www.dia.es/aceites-salsas-y-especias/tomate/p/114671,https://www.dia.es/product_images/114671/114671_ISO_0_ES.jpg?imwidth=392,"1,49 €",Grasas 3.6g de las cuales saturadas 0.5g Hidratos de Carbono 8.1g de los cuales azúcares 7.8g Fibra alimentaria 0g Proteínas 1.2g Sal 1.5g,No disponible,"(4,26 €/KILO)"
Tomate frito estilo casero Solís frasco 350 g,https://www.dia.es/aceites-salsas-y-especias/tomate/p/102923,https://www.dia.es/product_images/102923/102923_ISO_0_ES.jpg?imwidth=392,"1,99 €",Grasas 7g de las cuales saturadas 0.9g Hidratos de Carbono 7.8g de los cuales azúcares 7.6g Fibra alimentaria 1.4g Proteínas 1.3g Sal 0.89g,No disponible,"(5,69 €/KILO)"
Ketchup Salseo de Dia bote 560 g,https://www.dia.es/aceites-salsas-y-especias/mayonesa-ketchup-y-otras-salsas/p/4853,https://www.dia.es/product_images/4853/4853_ISO_0_ES.jpg?imwidth=392,"1,07 €",Grasas 0.5g de las cuales saturadas 0.1g Hidratos de Carbono 22g de los cuales azúcares 19.5g Proteínas 1.3g Sal 1.7g,No disponible,"(1,91 €/KILO)"
Mayonesa Salseo de Dia bote 500 ml,https://www.dia.es/aceites-salsas-y-especias/mayonesa-ketchup-y-otras-salsas/p/209164,https://www.dia.es/product_images/209164/209164_ISO_0_ES.jpg?imwidth=392,"1,59 €",Grasas 66g de las cuales saturadas 7.4g Hidratos de Carbono 2.7g de los cuales azúcares 1.3g Proteínas 0.8g Sal 0.9g,No disponible,"(3,18 €/LITRO)"
Mayonesa Salseo de Dia frasco 450 ml,https://www.dia.es/aceites-salsas-y-especias/mayonesa-ketchup-y-otras-salsas/p/53720,https://www.dia.es/product_images/53720/53720_ISO_0_ES.jpg?imwidth=392,"1,29 €",Grasas 66.5g de las cuales saturadas 8.3g Hidratos de Carbono 1.5g de los cuales azúcares 1.2g Proteínas 0.9g Sal 0.99g,No disponible,"(2,87 €/LITRO)"
Salsa de soja Salseo de Dia frasco 250 ml,https://www.dia.es/aceites-salsas-y-especias/mayonesa-ketchup-y-otras-salsas/p/287019,https://www.dia.es/product_images/287019/287019_ISO_0_ES.jpg?imwidth=392,"1,30 €",Hidratos de Carbono 2.2g Proteínas 9.2g Sal 17g,No disponible,"(5,20 €/LITRO)"
Salsa barbacoa Salseo de Dia bote 360 g,https://www.dia.es/aceites-salsas-y-especias/mayonesa-ketchup-y-otras-salsas/p/79155,https://www.dia.es/product_images/79155/79155_ISO_0_ES.jpg?imwidth=392,"1,15 €",Grasas 0.2g de las cuales saturadas 8g Hidratos de Carbono 34g de los cuales azúcares 28g Proteínas 0.8g Sal 2.24g,No disponible,"(3,19 €/KILO)"
Ketchup light Salseo de Dia bote 540 g,https://www.dia.es/aceites-salsas-y-especias/mayonesa-ketchup-y-otras-salsas/p/74771,https://www.dia.es/product_images/74771/74771_ISO_0_ES.jpg?imwidth=392,"1,00 €",Grasas 0.5g de las cuales saturadas 0.1g Hidratos de Carbono 10.1g de los cuales azúcares 9.2g Proteínas 1.5g Sal 1.42g,No disponible,"(1,85 €/KILO)"
Salsa ali oli Chovi tarrina 180 g,https://www.dia.es/aceites-salsas-y-especias/mayonesa-ketchup-y-otras-salsas/p/45706,https://www.dia.es/product_images/45706/45706_ISO_0_ES.jpg?imwidth=392,"1,35 €",Grasas 82g de las cuales saturadas 10g Hidratos de Carbono 1.5g de los cuales azúcares 0g Fibra alimentaria 0.1g Proteínas 1.2g Sal 1.3g,No disponible,"(7,50 €/KILO)"
Salsa para hamburguesas Salseo de Dia bote 300 g,https://www.dia.es/aceites-salsas-y-especias/mayonesa-ketchup-y-otras-salsas/p/79156,https://www.dia.es/product_images/79156/79156_ISO_0_ES.jpg?imwidth=392,"1,69 €",Grasas 9.3g de las cuales saturadas 1g Hidratos de Carbono 13g de los cuales azúcares 9.2g Proteínas 0.6g Sal 1.25g,No disponible,"(5,63 €/KILO)"
Mostaza original Salseo de Dia bote 250 g,https://www.dia.es/aceites-salsas-y-especias/mayonesa-ketchup-y-otras-salsas/p/56586,https://www.dia.es/product_images/56586/56586_ISO_0_ES.jpg?imwidth=392,"1,09 €",Grasas 4.9g de las cuales saturadas 0.3g Hidratos de Carbono 11g de los cuales azúcares 4g Proteínas 3.7g Sal 2.7g,No disponible,"(4,36 €/KILO)"
Mayonesa Ybarra frasco 400 ml,https://www.dia.es/aceites-salsas-y-especias/mayonesa-ketchup-y-otras-salsas/p/6847,https://www.dia.es/product_images/6847/6847_ISO_0_ES.jpg?imwidth=392,"2,19 €",Grasas 69g de las cuales saturadas 8.7g Hidratos de Carbono 3.4g de los cuales azúcares 3.1g Proteínas 0.9g Sal 1.2g,No disponible,"(5,48 €/LITRO)"
Gran mayonesa Hellmanns frasco 225 ml,https://www.dia.es/aceites-salsas-y-especias/mayonesa-ketchup-y-otras-salsas/p/219916,https://www.dia.es/product_images/219916/219916_ISO_0_ES.jpg?imwidth=392,"1,95 €",Grasas 61g de las cuales saturadas 9.7g de las cuales monoinsaturadas 15.8g Hidratos de Carbono 2.2g de los cuales azúcares 1.4g Fibra alimentaria 0.5g Proteínas 0.8g Sal 1.1g,No disponible,"(8,67 €/LITRO)"
Salsa boloñesa Al Diante Dia frasco 300 g,https://www.dia.es/aceites-salsas-y-especias/mayonesa-ketchup-y-otras-salsas/p/285530,https://www.dia.es/product_images/285530/285530_ISO_0_ES.jpg?imwidth=392,"1,69 €",Grasas 7.1g de las cuales saturadas 1.5g Hidratos de Carbono 9.9g de los cuales azúcares 7.3g Proteínas 4.3g Sal 1.1g,No disponible,"(5,63 €/KILO)"
Mayonesa Salseo de Dia bote 300 ml,https://www.dia.es/aceites-salsas-y-especias/mayonesa-ketchup-y-otras-salsas/p/19441,https://www.dia.es/product_images/19441/19441_ISO_0_ES.jpg?imwidth=392,"1,25 €",Grasas 66.5g de las cuales saturadas 8.3g Hidratos de Carbono 1.5g de los cuales azúcares 1.2g Proteínas 0.9g Sal 0.99g,No disponible,"(4,17 €/LITRO)"
Salsa de yogur Salseo de Dia bote 300 ml,https://www.dia.es/aceites-salsas-y-especias/mayonesa-ketchup-y-otras-salsas/p/142034,https://www.dia.es/product_images/142034/142034_ISO_0_ES.jpg?imwidth=392,"1,16 €",Grasas 21.2g de las cuales saturadas 2.8g Hidratos de Carbono 9.8g de los cuales azúcares 3.1g Proteínas 2.3g Sal 1.06g,No disponible,"(3,87 €/LITRO)"
Salsa césar Salseo de Dia bote 300 ml,https://www.dia.es/aceites-salsas-y-especias/mayonesa-ketchup-y-otras-salsas/p/129425,https://www.dia.es/product_images/129425/129425_ISO_0_ES.jpg?imwidth=392,"1,35 €",Grasas 28.2g de las cuales saturadas 4.9g Hidratos de Carbono 7.5g de los cuales azúcares 4.7g Proteínas 2.9g Sal 2.54g,No disponible,"(4,50 €/LITRO)"
Ketchup Salseo de Dia bote 340 g,https://www.dia.es/aceites-salsas-y-especias/mayonesa-ketchup-y-otras-salsas/p/49608,https://www.dia.es/product_images/49608/49608_ISO_0_ES.jpg?imwidth=392,"0,99 €",Grasas 0.5g de las cuales saturadas 0.1g Hidratos de Carbono 22g de los cuales azúcares 19.5g Proteínas 1.3g Sal 1.7g,No disponible,"(2,91 €/KILO)"
Salsa pesto verde Al Diante Dia frasco 185 g,https://www.dia.es/aceites-salsas-y-especias/mayonesa-ketchup-y-otras-salsas/p/285506,https://www.dia.es/product_images/285506/285506_ISO_0_ES.jpg?imwidth=392,"2,29 €",Grasas 47.4g de las cuales saturadas 5.2g Hidratos de Carbono 3.4g de los cuales azúcares 1.8g Proteínas 4.8g Sal 1.72g,No disponible,"(12,38 €/KILO)"
Salsa ligera Salseo de Dia frasco 450 ml,https://www.dia.es/aceites-salsas-y-especias/mayonesa-ketchup-y-otras-salsas/p/148579,https://www.dia.es/product_images/148579/148579_ISO_0_ES.jpg?imwidth=392,"1,29 €",Grasas 30g de las cuales saturadas 3.9g Hidratos de Carbono 6.2g de los cuales azúcares 2.6g Proteínas 1.7g Sal 1.2g,No disponible,"(2,87 €/LITRO)"
Ketchup top down Heinz bote 460 g,https://www.dia.es/aceites-salsas-y-especias/mayonesa-ketchup-y-otras-salsas/p/31118,https://www.dia.es/product_images/31118/31118_ISO_0_ES.jpg?imwidth=392,"3,29 €",Grasas 0.1g de las cuales saturadas 0.1g Hidratos de Carbono 24.1g de los cuales azúcares 22.8g Fibra alimentaria 0.7g Proteínas 0.9g Sal 1.2g,No disponible,"(7,15 €/KILO)"
Salsa top down Ligeresa bote 430 ml,https://www.dia.es/aceites-salsas-y-especias/mayonesa-ketchup-y-otras-salsas/p/144136,https://www.dia.es/product_images/144136/144136_ISO_0_ES.jpg?imwidth=392,"2,65 €",Grasas 27g de las cuales saturadas 4.4g Hidratos de Carbono 8.9g de los cuales azúcares 2.4g Fibra alimentaria 0.5g Proteínas 0.7g Sal 1g,No disponible,"(6,16 €/LITRO)"
Sal marina de mesa fina Dia paquete 1 Kg,https://www.dia.es/aceites-salsas-y-especias/sal-y-especias/p/419,https://www.dia.es/product_images/419/419_ISO_0_ES.jpg?imwidth=392,"0,35 €",Sal 100g,No disponible,"(0,35 €/KILO)"
Ajo en polvo Vegecampo de Dia frasco 85 g,https://www.dia.es/aceites-salsas-y-especias/sal-y-especias/p/299121,https://www.dia.es/product_images/299121/299121_ISO_0_ES.jpg?imwidth=392,"0,91 €",No disponible,No disponible,"(10,71 €/KILO)"
Orégano Vegecampo de Dia frasco 15 g,https://www.dia.es/aceites-salsas-y-especias/sal-y-especias/p/1293,https://www.dia.es/product_images/1293/1293_ISO_0_ES.jpg?imwidth=392,"0,65 €",No disponible,No disponible,"(43,33 €/KILO)"
Perejil Vegecampo de Dia frasco 18 g,https://www.dia.es/aceites-salsas-y-especias/sal-y-especias/p/299136,https://www.dia.es/product_images/299136/299136_ISO_0_ES.jpg?imwidth=392,"0,79 €",No disponible,No disponible,"(43,89 €/KILO)"
Cebolla en polvo Vegecampo de Dia frasco 60 g,https://www.dia.es/aceites-salsas-y-especias/sal-y-especias/p/299128,https://www.dia.es/product_images/299128/299128_ISO_0_ES.jpg?imwidth=392,"0,92 €",No disponible,No disponible,"(15,33 €/KILO)"
Hojas de laurel Dani bolsa 10 g,https://www.dia.es/aceites-salsas-y-especias/sal-y-especias/p/38750,https://www.dia.es/product_images/38750/38750_ISO_0_ES.jpg?imwidth=392,"0,89 €",No disponible,No disponible,"(89,00 €/KILO)"
Canela molida Vegecampo de Dia frasco 45 g,https://www.dia.es/aceites-salsas-y-especias/sal-y-especias/p/299126,https://www.dia.es/product_images/299126/299126_ISO_0_ES.jpg?imwidth=392,"0,87 €",No disponible,No disponible,"(19,33 €/KILO)"
Sal marina yodada Dia paquete 1 Kg,https://www.dia.es/aceites-salsas-y-especias/sal-y-especias/p/19518,https://www.dia.es/product_images/19518/19518_ISO_0_ES.jpg?imwidth=392,"0,35 €",Sal 100g,No disponible,"(0,35 €/KILO)"
Pimienta negra Vegecampo de Dia frasco 65 g,https://www.dia.es/aceites-salsas-y-especias/sal-y-especias/p/299147,https://www.dia.es/product_images/299147/299147_ISO_0_ES.jpg?imwidth=392,"1,07 €",No disponible,No disponible,"(16,46 €/KILO)"
Pimentón dulce de La Vera Vega Cáceres lata 75 g,https://www.dia.es/aceites-salsas-y-especias/sal-y-especias/p/297399,https://www.dia.es/product_images/297399/297399_ISO_0_ES.jpg?imwidth=392,"1,95 €",No disponible,No disponible,"(26,00 €/KILO)"
Sal marina gruesa Dia paquete 1 Kg,https://www.dia.es/aceites-salsas-y-especias/sal-y-especias/p/51835,https://www.dia.es/product_images/51835/51835_ISO_0_ES.jpg?imwidth=392,"0,35 €",No disponible,No disponible,"(0,35 €/KILO)"
Pimentón dulce Vegecampo de Dia frasco 58 g,https://www.dia.es/aceites-salsas-y-especias/sal-y-especias/p/297208,https://www.dia.es/product_images/297208/297208_ISO_0_ES.jpg?imwidth=392,"0,95 €",No disponible,No disponible,"(16,38 €/KILO)"
Canela en rama Vegecampo de Dia frasco 20 g,https://www.dia.es/aceites-salsas-y-especias/sal-y-especias/p/299125,https://www.dia.es/product_images/299125/299125_ISO_0_ES.jpg?imwidth=392,"1,39 €",No disponible,No disponible,"(69,50 €/KILO)"
Colorante alimentario Vegecampo de Dia frasco 75 g,https://www.dia.es/aceites-salsas-y-especias/sal-y-especias/p/297203,https://www.dia.es/product_images/297203/297203_ISO_0_ES.jpg?imwidth=392,"0,84 €",No disponible,No disponible,"(11,20 €/KILO)"
Comino molido Vegecampo de Dia frasco 60 g,https://www.dia.es/aceites-salsas-y-especias/sal-y-especias/p/299132,https://www.dia.es/product_images/299132/299132_ISO_0_ES.jpg?imwidth=392,"1,15 €",No disponible,No disponible,"(19,17 €/KILO)"
Curry Vegecampo de Dia frasco 55 g,https://www.dia.es/aceites-salsas-y-especias/sal-y-especias/p/299133,https://www.dia.es/product_images/299133/299133_ISO_0_ES.jpg?imwidth=392,"1,10 €",No disponible,No disponible,"(20,00 €/KILO)"
Hierbas provenzales Vegecampo de Dia frasco 22 g,https://www.dia.es/aceites-salsas-y-especias/sal-y-especias/p/297206,https://www.dia.es/product_images/297206/297206_ISO_0_ES.jpg?imwidth=392,"1,05 €",No disponible,No disponible,"(47,73 €/KILO)"
Molinillo 4 pimientas Vegecampo de Dia frasco 42 g,https://www.dia.es/aceites-salsas-y-especias/sal-y-especias/p/297074,https://www.dia.es/product_images/297074/297074_ISO_0_ES.jpg?imwidth=392,"1,55 €",No disponible,No disponible,"(36,90 €/KILO)"
Jengibre molido Vegecampo de Dia frasco 50 g,https://www.dia.es/aceites-salsas-y-especias/sal-y-especias/p/299135,https://www.dia.es/product_images/299135/299135_ISO_0_ES.jpg?imwidth=392,"1,59 €",No disponible,No disponible,"(31,80 €/KILO)"
Sazonador ajo perejil Dani bote 25 g,https://www.dia.es/aceites-salsas-y-especias/sal-y-especias/p/304809,https://www.dia.es/product_images/304809/304809_ISO_0_ES.jpg?imwidth=392,"1,69 €",No disponible,No disponible,"(67,60 €/KILO)"
Atún en aceite de girasol Mari Marinera de Dia lata 6 x 52 g,https://www.dia.es/conservas-caldos-y-cremas/atun-bonito-y-caballa/p/262430,https://www.dia.es/product_images/262430/262430_ISO_0_ES.jpg?imwidth=392,"3,75 €",Grasas 19.6g de las cuales saturadas 2.3g Hidratos de Carbono 0g de los cuales azúcares 0g Proteínas 18.6g Sal 1g,No disponible,"(12,02 €/KILO)"
Atún claro al natural Mari Marinera de Dia lata 6 x 60 g,https://www.dia.es/conservas-caldos-y-cremas/atun-bonito-y-caballa/p/262439,https://www.dia.es/product_images/262439/262439_ISO_0_ES.jpg?imwidth=392,"4,20 €",Grasas 2.7g de las cuales saturadas 1g Hidratos de Carbono 0g de los cuales azúcares 0g Proteínas 20.6g Sal 1.24g,No disponible,"(11,67 €/KILO)"
Atún claro en aceite de oliva Mari Marinera de Dia lata 6 x 60 g,https://www.dia.es/conservas-caldos-y-cremas/atun-bonito-y-caballa/p/262432,https://www.dia.es/product_images/262432/262432_ISO_0_ES.jpg?imwidth=392,"5,15 €",Grasas 29g de las cuales saturadas 4.8g Hidratos de Carbono 0g de los cuales azúcares 0g Proteínas 18g Sal 0.8g,No disponible,"(14,31 €/KILO)"
Trozos de atún en aceite de girasol Ribeira lata 3 x 52 g,https://www.dia.es/conservas-caldos-y-cremas/atun-bonito-y-caballa/p/296869,https://www.dia.es/product_images/296869/296869_ISO_0_ES.jpg?imwidth=392,"1,79 €",No disponible,No disponible,"(11,47 €/KILO)"
Atún en aceite de girasol Mari Marinera de Dia lata 650 g,https://www.dia.es/conservas-caldos-y-cremas/atun-bonito-y-caballa/p/138259,https://www.dia.es/product_images/138259/138259_ISO_0_ES.jpg?imwidth=392,"6,45 €",Grasas 33.8g de las cuales saturadas 3.5g Hidratos de Carbono 0g de los cuales azúcares 0g Proteínas 14.8g Sal 0.8g,No disponible,"(9,92 €/KILO)"
Filetes de caballa del sur en aceite de oliva Mari Marinera de Dia lata 85 g,https://www.dia.es/conservas-caldos-y-cremas/atun-bonito-y-caballa/p/284386,https://www.dia.es/product_images/284386/284386_ISO_0_ES.jpg?imwidth=392,"1,69 €",Grasas 25g de las cuales saturadas 4.2g Hidratos de Carbono 0g de los cuales azúcares 0g Proteínas 16.2g Sal 0.85g,No disponible,"(19,88 €/KILO)"
Atún en aceite de oliva Mari Marinera de Dia lata 3 x 52 g,https://www.dia.es/conservas-caldos-y-cremas/atun-bonito-y-caballa/p/288045,https://www.dia.es/product_images/288045/288045_ISO_0_ES.jpg?imwidth=392,"2,45 €",Grasas 25.2g de las cuales saturadas 3.9g Proteínas 17.3g Sal 1g,No disponible,"(15,71 €/KILO)"
Atún claro en aceite de oliva Calvo lata 3 x 52 g,https://www.dia.es/conservas-caldos-y-cremas/atun-bonito-y-caballa/p/61500,https://www.dia.es/product_images/61500/61500_ISO_0_ES.jpg?imwidth=392,"4,45 €",Grasas 20g de las cuales saturadas 3g Hidratos de Carbono 0g de los cuales azúcares 0g Proteínas 20g Sal 1g,2ª ud al 50% dto. selección calvo,No disponible
Atún claro en aceite de girasol Mari Marinera de Dia lata 6 x 56 g,https://www.dia.es/conservas-caldos-y-cremas/atun-bonito-y-caballa/p/262437,https://www.dia.es/product_images/262437/262437_ISO_0_ES.jpg?imwidth=392,"4,35 €",Grasas 20g de las cuales saturadas 2.3g Hidratos de Carbono 0g de los cuales azúcares 0g Proteínas 18.4g Sal 1g,No disponible,"(12,95 €/KILO)"
Atún claro al natural Calvo lata 6 x 56 g,https://www.dia.es/conservas-caldos-y-cremas/atun-bonito-y-caballa/p/289199,https://www.dia.es/product_images/289199/289199_ISO_0_ES.jpg?imwidth=392,"6,69 €",Grasas 1g de las cuales saturadas 0g Hidratos de Carbono 0g de los cuales azúcares 0g Proteínas 20g Sal 2g,2ª ud al 50% dto. selección calvo,No disponible
Filetes de caballa del sur en aceite de girasol Ubago lata 65 g,https://www.dia.es/conservas-caldos-y-cremas/atun-bonito-y-caballa/p/6721,https://www.dia.es/product_images/6721/6721_ISO_0_ES.jpg?imwidth=392,"1,55 €",Grasas 26g de las cuales saturadas 3.5g Hidratos de Carbono 0.5g de los cuales azúcares 0.5g Proteínas 19g Sal 0.84g,No disponible,"(23,85 €/KILO)"
Bonito del norte en aceite de oliva Mari Marinera de Dia lata 73 g,https://www.dia.es/conservas-caldos-y-cremas/atun-bonito-y-caballa/p/29395,https://www.dia.es/product_images/29395/29395_ISO_0_ES.jpg?imwidth=392,"1,99 €",Grasas 34g de las cuales saturadas 5.3g Hidratos de Carbono 0g de los cuales azúcares 0g Proteínas 16g Sal 1g,No disponible,"(27,26 €/KILO)"
Atún en tomate Mari Marinera de Dia lata 3 x 52 g,https://www.dia.es/conservas-caldos-y-cremas/atun-bonito-y-caballa/p/119959,https://www.dia.es/product_images/119959/119959_ISO_0_ES.jpg?imwidth=392,"2,10 €",Grasas 12g de las cuales saturadas 1.5g Hidratos de Carbono 3.5g de los cuales azúcares 3.1g Proteínas 14.8g Sal 1.2g,No disponible,"(13,46 €/KILO)"
Filetes de caballa del sur en aceite de girasol Mari Marinera de Dia lata 85 g,https://www.dia.es/conservas-caldos-y-cremas/atun-bonito-y-caballa/p/284387,https://www.dia.es/product_images/284387/284387_ISO_0_ES.jpg?imwidth=392,"1,39 €",Grasas 26.4g de las cuales saturadas 3.6g Hidratos de Carbono 0g de los cuales azúcares 0g Proteínas 18.6g Sal 0.87g,No disponible,"(16,35 €/KILO)"
Atún en aceite de oliva Ribeira lata 650 g,https://www.dia.es/conservas-caldos-y-cremas/atun-bonito-y-caballa/p/297835,https://www.dia.es/product_images/297835/297835_ISO_0_ES.jpg?imwidth=392,"8,80 €",Grasas 10g de las cuales saturadas 1.5g Hidratos de Carbono 0g de los cuales azúcares 0g Fibra alimentaria 0g Proteínas 26g Sal 1.2g,No disponible,"(13,54 €/KILO)"
Atún en aceite de girasol Mari Marinera de Dia lata 3 x 52 g,https://www.dia.es/conservas-caldos-y-cremas/atun-bonito-y-caballa/p/262429,https://www.dia.es/product_images/262429/262429_ISO_0_ES.jpg?imwidth=392,"2,10 €",Grasas 19.6g de las cuales saturadas 2.3g Hidratos de Carbono 0g de los cuales azúcares 0g Proteínas 18.6g Sal 1g,No disponible,"(13,46 €/KILO)"
Atún claro en aceite de oliva Mari Marinera de Dia lata 3 x 60 g,https://www.dia.es/conservas-caldos-y-cremas/atun-bonito-y-caballa/p/262434,https://www.dia.es/product_images/262434/262434_ISO_0_ES.jpg?imwidth=392,"2,99 €",Grasas 25g de las cuales saturadas 3.9g Hidratos de Carbono 0g de los cuales azúcares 0g Proteínas 17g Sal 1g,No disponible,"(16,61 €/KILO)"
Atún claro en escabeche Mari Marinera de Dia lata 6 x 60 g,https://www.dia.es/conservas-caldos-y-cremas/atun-bonito-y-caballa/p/262440,https://www.dia.es/product_images/262440/262440_ISO_0_ES.jpg?imwidth=392,"4,70 €",Grasas 7g de las cuales saturadas 0.8g Hidratos de Carbono 0g de los cuales azúcares 0g Proteínas 19.7g Sal 1.2g,No disponible,"(13,06 €/KILO)"
Ventresca de atún claro en aceite de oliva Mari Marinera de Dia lata 78 g,https://www.dia.es/conservas-caldos-y-cremas/atun-bonito-y-caballa/p/50171,https://www.dia.es/product_images/50171/50171_ISO_0_ES.jpg?imwidth=392,"3,30 €",Grasas 10g de las cuales saturadas 1.9g Hidratos de Carbono 0g de los cuales azúcares 0g Proteínas 25g Sal 1.2g,No disponible,"(42,31 €/KILO)"
Bonito del Norte en aceite de girasol alto oleico Realmar frasco 228 g,https://www.dia.es/conservas-caldos-y-cremas/atun-bonito-y-caballa/p/301815,https://www.dia.es/product_images/301815/301815_ISO_0_ES.jpg?imwidth=392,"5,95 €",No disponible,No disponible,"(26,10 €/KILO)"
Atún en aceite de girasol Isabel lata 6 x 52 g,https://www.dia.es/conservas-caldos-y-cremas/atun-bonito-y-caballa/p/78710,https://www.dia.es/product_images/78710/78710_ISO_0_ES.jpg?imwidth=392,"5,95 €",Grasas 26g de las cuales saturadas 3g Hidratos de Carbono 0g de los cuales azúcares 0g Fibra alimentaria 0g Proteínas 20g Sal 1g,No disponible,"(19,07 €/KILO)"
Atún con tomate Isabel lata 3 x 52 g,https://www.dia.es/conservas-caldos-y-cremas/atun-bonito-y-caballa/p/57862,https://www.dia.es/product_images/57862/57862_ISO_0_ES.jpg?imwidth=392,"3,19 €",Grasas 8.5g de las cuales saturadas 1.5g Hidratos de Carbono 2.7g de los cuales azúcares 2g Fibra alimentaria 0g Proteínas 17g Sal 1.2g,No disponible,"(20,45 €/KILO)"
Atún claro en aceite de oliva bajo en sal Calvo lata 3 x 52 g,https://www.dia.es/conservas-caldos-y-cremas/atun-bonito-y-caballa/p/39255,https://www.dia.es/product_images/39255/39255_ISO_0_ES.jpg?imwidth=392,"4,45 €",Grasas 21g de las cuales saturadas 3g Hidratos de Carbono 0g de los cuales azúcares 0g Proteínas 21g Sal 0g,No disponible,"(28,53 €/KILO)"
Atún claro en aceite de girasol Calvo lata 3 x 52 g,https://www.dia.es/conservas-caldos-y-cremas/atun-bonito-y-caballa/p/371,https://www.dia.es/product_images/371/371_ISO_0_ES.jpg?imwidth=392,"3,49 €",Grasas 23g de las cuales saturadas 3g Hidratos de Carbono 0g de los cuales azúcares 0g Proteínas 20g Sal 1g,No disponible,"(22,37 €/KILO)"
Bonito en aceite de girasol alto oleico Consorcio lata 80 g,https://www.dia.es/conservas-caldos-y-cremas/atun-bonito-y-caballa/p/302603,https://www.dia.es/product_images/302603/302603_ISO_0_ES.jpg?imwidth=392,"2,95 €",No disponible,No disponible,"(36,88 €/KILO)"
Atún claro en aceite de girasol Calvo lata 2 x 52 g,https://www.dia.es/conservas-caldos-y-cremas/atun-bonito-y-caballa/p/301325,https://www.dia.es/product_images/301325/301325_ISO_0_ES.jpg?imwidth=392,"1,50 €",Grasas 23g de las cuales saturadas 2.5g Hidratos de Carbono 0g de los cuales azúcares 0g Proteínas 20g Sal 1.2g,No disponible,"(14,42 €/KILO)"
Atún claro en aceite de girasol Albo lata 67 g,https://www.dia.es/conservas-caldos-y-cremas/atun-bonito-y-caballa/p/300955,https://www.dia.es/product_images/300955/300955_ISO_0_ES.jpg?imwidth=392,"1,95 €",No disponible,No disponible,"(29,10 €/KILO)"
Atún en aceite de girasol Isabel lata 260 g,https://www.dia.es/conservas-caldos-y-cremas/atun-bonito-y-caballa/p/29906,https://www.dia.es/product_images/29906/29906_ISO_0_ES.jpg?imwidth=392,"5,95 €",Grasas 10g de las cuales saturadas 1.5g Hidratos de Carbono 0g de los cuales azúcares 0g Fibra alimentaria 0g Proteínas 27g Sal 1.2g,No disponible,"(22,88 €/KILO)"
Atún vegano Gourmet Cazorla lata 2 x 80 g,https://www.dia.es/conservas-caldos-y-cremas/atun-bonito-y-caballa/p/297773,https://www.dia.es/product_images/297773/297773_ISO_0_ES.jpg?imwidth=392,"3,59 €",No disponible,No disponible,"(22,44 €/KILO)"
Trozos de bonito del Norte MSC Mari Marinera de Dia lata 3 x 52 g,https://www.dia.es/conservas-caldos-y-cremas/atun-bonito-y-caballa/p/296414,https://www.dia.es/product_images/296414/296414_ISO_0_ES.jpg?imwidth=392,"2,95 €",Grasas 26g de las cuales saturadas 4g Hidratos de Carbono 0g de los cuales azúcares 0g Proteínas 19g Sal 0.9g,No disponible,"(18,91 €/KILO)"
Atún claro en aceite de girasol Albo lata 3 x 48 g,https://www.dia.es/conservas-caldos-y-cremas/atun-bonito-y-caballa/p/295390,https://www.dia.es/product_images/295390/295390_ISO_0_ES.jpg?imwidth=392,"3,49 €",Grasas 33g de las cuales saturadas 4.8g Hidratos de Carbono 0g de los cuales azúcares 0g Proteínas 20g Sal 0.8g Niacina 10µg Fósforo 170mg,No disponible,"(24,24 €/KILO)"
Atún claro en aceite de oliva MSC Frinsa lata 82 g,https://www.dia.es/conservas-caldos-y-cremas/atun-bonito-y-caballa/p/289594,https://www.dia.es/product_images/289594/289594_ISO_0_ES.jpg?imwidth=392,"2,59 €",No disponible,No disponible,"(31,59 €/KILO)"
Atún claro en aceite de oliva Calvo lata 6 x 52 g,https://www.dia.es/conservas-caldos-y-cremas/atun-bonito-y-caballa/p/282560,https://www.dia.es/product_images/282560/282560_ISO_0_ES.jpg?imwidth=392,"7,85 €",Grasas 20g de las cuales saturadas 3g Hidratos de Carbono 0g de los cuales azúcares 0g Proteínas 20g Sal 1g,No disponible,"(25,16 €/KILO)"
Atún claro en aceite de girasol Mari Marinera de Dia lata 3 x 56 g,https://www.dia.es/conservas-caldos-y-cremas/atun-bonito-y-caballa/p/262436,https://www.dia.es/product_images/262436/262436_ISO_0_ES.jpg?imwidth=392,"2,47 €",Grasas 20g de las cuales saturadas 2.3g Hidratos de Carbono 0g de los cuales azúcares 0g Proteínas 18.4g Sal 1g,No disponible,"(14,70 €/KILO)"
Atún claro en aceite de oliva bajo en sal Mari Marinera de Dia lata 3 x 60 g,https://www.dia.es/conservas-caldos-y-cremas/atun-bonito-y-caballa/p/262435,https://www.dia.es/product_images/262435/262435_ISO_0_ES.jpg?imwidth=392,"3,00 €",Grasas 9g de las cuales saturadas 1.5g Hidratos de Carbono 0g de los cuales azúcares 0g Proteínas 26g Sal 0.9g,No disponible,"(16,67 €/KILO)"
Atún claro en aceite de oliva virgen extra Mari Marinera de Dia lata 3 x 52 g,https://www.dia.es/conservas-caldos-y-cremas/atun-bonito-y-caballa/p/262428,https://www.dia.es/product_images/262428/262428_ISO_0_ES.jpg?imwidth=392,"3,19 €",Grasas 11.3g de las cuales saturadas 2g Hidratos de Carbono 0g de los cuales azúcares 0g Proteínas 25.6g Sal 1.24g,No disponible,"(20,45 €/KILO)"
Bonito del norte en aceite de oliva MSC Campos lata 60 g,https://www.dia.es/conservas-caldos-y-cremas/atun-bonito-y-caballa/p/258007,https://www.dia.es/product_images/258007/258007_ISO_0_ES.jpg?imwidth=392,"1,90 €",Grasas 41g de las cuales saturadas 6.7g Hidratos de Carbono 0g de los cuales azúcares 0g Proteínas 16g Sal 0.49g,No disponible,"(31,67 €/KILO)"
Filetes de caballa en aceite de oliva bajo en sal Calvo lata 82 g,https://www.dia.es/conservas-caldos-y-cremas/atun-bonito-y-caballa/p/253749,https://www.dia.es/product_images/253749/253749_ISO_0_ES.jpg?imwidth=392,"2,39 €",Grasas 22g de las cuales saturadas 3g Hidratos de Carbono 1g de los cuales azúcares 0g Proteínas 19g Sal 0g,No disponible,"(29,15 €/KILO)"
Atún claro en aceite de oliva ligero Calvo lata 3 x 56 g,https://www.dia.es/conservas-caldos-y-cremas/atun-bonito-y-caballa/p/224663,https://www.dia.es/product_images/224663/224663_ISO_0_ES.jpg?imwidth=392,"4,45 €",Grasas 7g de las cuales saturadas 1g Hidratos de Carbono 1g de los cuales azúcares 0g Proteínas 21g Sal 1g,No disponible,"(26,49 €/KILO)"
Atún claro en aceite de oliva Albo lata 67 g,https://www.dia.es/conservas-caldos-y-cremas/atun-bonito-y-caballa/p/189186,https://www.dia.es/product_images/189186/189186_ISO_0_ES.jpg?imwidth=392,"2,39 €",No disponible,No disponible,"(35,67 €/KILO)"
Bonito del norte en aceite de oliva Albo lata 67 g,https://www.dia.es/conservas-caldos-y-cremas/atun-bonito-y-caballa/p/188440,https://www.dia.es/product_images/188440/188440_ISO_0_ES.jpg?imwidth=392,"2,89 €",Grasas 33g de las cuales saturadas 5g Hidratos de Carbono 0g de los cuales azúcares 0g Proteínas 22g Sal 0.7g Niacina 10µg Fósforo 170mg,No disponible,"(43,13 €/KILO)"
Atún claro en aceite de girasol Campos lata 104 g,https://www.dia.es/conservas-caldos-y-cremas/atun-bonito-y-caballa/p/186623,https://www.dia.es/product_images/186623/186623_ISO_0_ES.jpg?imwidth=392,"2,20 €",Grasas 37g de las cuales saturadas 4.6g Hidratos de Carbono 0g de los cuales azúcares 0g Proteínas 16g Sal 0.53g,No disponible,"(21,15 €/KILO)"
Atún en aceite de oliva Calvo lata 3 x 52 g,https://www.dia.es/conservas-caldos-y-cremas/atun-bonito-y-caballa/p/184524,https://www.dia.es/product_images/184524/184524_ISO_0_ES.jpg?imwidth=392,"4,10 €",Grasas 21g de las cuales saturadas 3g Hidratos de Carbono 0g de los cuales azúcares 0g Proteínas 21g Sal 1g,No disponible,"(26,28 €/KILO)"
Atún claro en aceite de oliva Albo pack 3 x 48 g,https://www.dia.es/conservas-caldos-y-cremas/atun-bonito-y-caballa/p/121436,https://www.dia.es/product_images/121436/121436_ISO_0_ES.jpg?imwidth=392,"4,85 €",Grasas 33g de las cuales saturadas 4.8g Hidratos de Carbono 0g de los cuales azúcares 0g Proteínas 20g Sal 0.8g Calcio 375mg Niacina 10µg,No disponible,"(33,68 €/KILO)"
Atún en aceite girasol Isabel lata 3 x 52 g,https://www.dia.es/conservas-caldos-y-cremas/atun-bonito-y-caballa/p/116670,https://www.dia.es/product_images/116670/116670_ISO_0_ES.jpg?imwidth=392,"3,29 €",Grasas 10g de las cuales saturadas 1.5g Hidratos de Carbono 0g de los cuales azúcares 0g Fibra alimentaria 0g Proteínas 27g Sal 1.2g,No disponible,"(21,09 €/KILO)"
Berberechos al natural Dani lata 63 g,https://www.dia.es/conservas-caldos-y-cremas/berberechos/p/41798,https://www.dia.es/product_images/41798/41798_ISO_0_ES.jpg?imwidth=392,"3,29 €",Grasas 0g de las cuales saturadas 0g Hidratos de Carbono 4.8g de los cuales azúcares 0g Proteínas 8.4g Sal 1.4g,No disponible,"(52,22 €/KILO)"
Berberechos al natural 60/90 piezas Mari Marinera de Dia lata 63 g,https://www.dia.es/conservas-caldos-y-cremas/berberechos/p/110474,https://www.dia.es/product_images/110474/110474_ISO_0_ES.jpg?imwidth=392,"2,89 €",Grasas 0.5g de las cuales saturadas 0.1g Hidratos de Carbono 3.6g de los cuales azúcares 0g Proteínas 10.4g Sal 1.5g,No disponible,"(45,87 €/KILO)"
Berberechos al natural 55/65 piezas Dani lata 63 g,https://www.dia.es/conservas-caldos-y-cremas/berberechos/p/28748,https://www.dia.es/product_images/28748/28748_ISO_0_ES.jpg?imwidth=392,"4,59 €",Grasas 1g de las cuales saturadas 0g Hidratos de Carbono 0g de los cuales azúcares 0g Proteínas 14g Sal 2g,No disponible,"(72,86 €/KILO)"
Berberechos al natural Baymar lata 90 g,https://www.dia.es/conservas-caldos-y-cremas/berberechos/p/136784,https://www.dia.es/product_images/136784/136784_ISO_0_ES.jpg?imwidth=392,"3,89 €",Grasas 1g de las cuales saturadas 0g Hidratos de Carbono 5g de los cuales azúcares 0g Proteínas 9g Sal 1g,No disponible,"(43,22 €/KILO)"
Berberechos al natural Dani lata 90 g,https://www.dia.es/conservas-caldos-y-cremas/berberechos/p/53543,https://www.dia.es/product_images/53543/53543_ISO_0_ES.jpg?imwidth=392,"3,89 €",Grasas 0g de las cuales saturadas 0g Hidratos de Carbono 4.8g de los cuales azúcares 0g Proteínas 8.4g Sal 1.4g,No disponible,"(43,22 €/KILO)"
Mejillones en escabeche Mari Marinera de Dia lata 3 x 43 g,https://www.dia.es/conservas-caldos-y-cremas/mejillones/p/50597,https://www.dia.es/product_images/50597/50597_ISO_0_ES.jpg?imwidth=392,"2,35 €",Grasas 11g de las cuales saturadas 1.4g Hidratos de Carbono 1.3g de los cuales azúcares 1.1g Proteínas 20g Sal 1.3g,No disponible,"(18,22 €/KILO)"
Mejillones de Chile en escabeche picante 14/18 piezas Mari Marinera de Dia lata 69 g,https://www.dia.es/conservas-caldos-y-cremas/mejillones/p/301668,https://www.dia.es/product_images/301668/301668_ISO_0_ES.jpg?imwidth=392,"1,45 €",Grasas 19.3g de las cuales saturadas 2.7g Hidratos de Carbono 1.4g de los cuales azúcares 0.5g Proteínas 11.2g Sal 1g,No disponible,"(21,01 €/KILO)"
Mejillones en escabeche Isabel lata 3 x 43 g,https://www.dia.es/conservas-caldos-y-cremas/mejillones/p/381,https://www.dia.es/product_images/381/381_ISO_0_ES.jpg?imwidth=392,"3,79 €",Grasas 17g de las cuales saturadas 2g Hidratos de Carbono 0g de los cuales azúcares 0g Fibra alimentaria 0g Proteínas 13g Sal 0.9g,No disponible,"(29,38 €/KILO)"
Mejillones en escabeche 13/18 piezas Mari Marinera de Dia lata 69 g,https://www.dia.es/conservas-caldos-y-cremas/mejillones/p/50596,https://www.dia.es/product_images/50596/50596_ISO_0_ES.jpg?imwidth=392,"1,85 €",Grasas 11g de las cuales saturadas 1.4g Hidratos de Carbono 1.3g de los cuales azúcares 1.1g Proteínas 20g Sal 1.3g,No disponible,"(26,81 €/KILO)"
Mejillones en escabeche 13/18 piezas Calvo lata 69 g,https://www.dia.es/conservas-caldos-y-cremas/mejillones/p/1158,https://www.dia.es/product_images/1158/1158_ISO_0_ES.jpg?imwidth=392,"2,49 €",Grasas 19g de las cuales saturadas 2g Hidratos de Carbono 0g de los cuales azúcares 0g Proteínas 13g Sal 1g,No disponible,"(36,09 €/KILO)"
Mejillones en escabeche Dani lata 97 g,https://www.dia.es/conservas-caldos-y-cremas/mejillones/p/133957,https://www.dia.es/product_images/133957/133957_ISO_0_ES.jpg?imwidth=392,"1,59 €",No disponible,No disponible,"(16,39 €/KILO)"
Mejillones de Chile en salsa vieira 13/18 piezas Mari Marinera de Dia lata 69 g,https://www.dia.es/conservas-caldos-y-cremas/mejillones/p/301669,https://www.dia.es/product_images/301669/301669_ISO_0_ES.jpg?imwidth=392,"1,45 €",Grasas 13.1g de las cuales saturadas 0.2g Hidratos de Carbono 4.7g de los cuales azúcares 1.7g Proteínas 12.5g Sal 1g,No disponible,"(21,01 €/KILO)"
Mejillones de Chile en escabeche 8/14 piezas Dani lata 69 g,https://www.dia.es/conservas-caldos-y-cremas/mejillones/p/119753,https://www.dia.es/product_images/119753/119753_ISO_0_ES.jpg?imwidth=392,"2,15 €",Grasas 23g de las cuales saturadas 2.5g Hidratos de Carbono 3.5g de los cuales azúcares 0g Proteínas 13g Sal 1.2g,No disponible,"(31,16 €/KILO)"
Mejillones al natural 14/18 piezas Mari Marinera de Dia lata 69 g,https://www.dia.es/conservas-caldos-y-cremas/mejillones/p/145495,https://www.dia.es/product_images/145495/145495_ISO_0_ES.jpg?imwidth=392,"1,85 €",Grasas 1.3g de las cuales saturadas 0.3g Hidratos de Carbono 1.5g de los cuales azúcares 0g Proteínas 12.6g Sal 1.98g,No disponible,"(26,81 €/KILO)"
Mejillones en escabeche 13/18 piezas Isabel lata 69 g,https://www.dia.es/conservas-caldos-y-cremas/mejillones/p/28245,https://www.dia.es/product_images/28245/28245_ISO_0_ES.jpg?imwidth=392,"2,25 €",Grasas 17g de las cuales saturadas 2g Hidratos de Carbono 0g de los cuales azúcares 0g Fibra alimentaria 0g Proteínas 13g Sal 0.9g,No disponible,"(32,61 €/KILO)"
Mejillones picantes 13/18 piezas Isabel lata 69 g,https://www.dia.es/conservas-caldos-y-cremas/mejillones/p/273251,https://www.dia.es/product_images/273251/273251_ISO_0_ES.jpg?imwidth=392,"2,25 €",Grasas 8.5g de las cuales saturadas 1.6g Hidratos de Carbono 2g de los cuales azúcares 0g Fibra alimentaria 0.4g Proteínas 20g Sal 1.5g,No disponible,"(32,61 €/KILO)"
Mejillones en salsa vieira 13/18 piezas Isabel lata 69 g,https://www.dia.es/conservas-caldos-y-cremas/mejillones/p/52097,https://www.dia.es/product_images/52097/52097_ISO_0_ES.jpg?imwidth=392,"2,25 €",Grasas 13g de las cuales saturadas 1.6g Hidratos de Carbono 2.4g de los cuales azúcares 1.8g Fibra alimentaria 0g Proteínas 13g Sal 1.5g,No disponible,"(32,61 €/KILO)"
Mejillones en escabeche pequeños Isabel lata 69 g,https://www.dia.es/conservas-caldos-y-cremas/mejillones/p/298738,https://www.dia.es/product_images/298738/298738_ISO_0_ES.jpg?imwidth=392,"1,65 €",No disponible,No disponible,"(23,91 €/KILO)"
Sardinillas en aceite de oliva Mari Marinera de Dia lata 2 x 62 g,https://www.dia.es/conservas-caldos-y-cremas/sardinas-y-sardinillas/p/182509,https://www.dia.es/product_images/182509/182509_ISO_0_ES.jpg?imwidth=392,"1,96 €",Grasas 22g de las cuales saturadas 4.8g Hidratos de Carbono 0g de los cuales azúcares 0g Proteínas 17g Sal 0.95g,No disponible,"(15,81 €/KILO)"
Sardinillas en tomate Mari Marinera de Dia lata 62 g,https://www.dia.es/conservas-caldos-y-cremas/sardinas-y-sardinillas/p/5832,https://www.dia.es/product_images/5832/5832_ISO_0_ES.jpg?imwidth=392,"0,89 €",Grasas 8.7g de las cuales saturadas 2.5g Hidratos de Carbono 1g de los cuales azúcares 0.9g Proteínas 18g Sal 1g,No disponible,"(14,35 €/KILO)"
Sardinas en aceite de oliva Mari Marinera de Dia lata 85 g,https://www.dia.es/conservas-caldos-y-cremas/sardinas-y-sardinillas/p/7975,https://www.dia.es/product_images/7975/7975_ISO_0_ES.jpg?imwidth=392,"1,05 €",Grasas 25g de las cuales saturadas 4.5g Hidratos de Carbono 0.5g de los cuales azúcares 0.5g Proteínas 20g Sal 0.57g,No disponible,"(12,35 €/KILO)"
Sardinillas en aceite de girasol Mari Marinera de Dia lata 2 x 65 g,https://www.dia.es/conservas-caldos-y-cremas/sardinas-y-sardinillas/p/129042,https://www.dia.es/product_images/129042/129042_ISO_0_ES.jpg?imwidth=392,"1,69 €",Grasas 23.6g de las cuales saturadas 4.9g Hidratos de Carbono 0g de los cuales azúcares 0g Proteínas 19.5g Sal 1.3g,No disponible,"(13,00 €/KILO)"
Sardinillas en aceite picante Mari Marinera de Dia lata 62 g,https://www.dia.es/conservas-caldos-y-cremas/sardinas-y-sardinillas/p/17891,https://www.dia.es/product_images/17891/17891_ISO_0_ES.jpg?imwidth=392,"0,89 €",Grasas 23.6g de las cuales saturadas 4.9g Hidratos de Carbono 0g de los cuales azúcares 0g Proteínas 19.5g Sal 1.3g,No disponible,"(14,35 €/KILO)"
Sardinas en tomate Mari Marinera de Dia lata 85 g,https://www.dia.es/conservas-caldos-y-cremas/sardinas-y-sardinillas/p/6084,https://www.dia.es/product_images/6084/6084_ISO_0_ES.jpg?imwidth=392,"0,85 €",Grasas 6.7g de las cuales saturadas 2.3g Hidratos de Carbono 0.8g de los cuales azúcares 0.7g Proteínas 19g Sal 0.91g,No disponible,"(10,00 €/KILO)"
Sardinillas en escabeche Mari Marinera de Dia lata 65 g,https://www.dia.es/conservas-caldos-y-cremas/sardinas-y-sardinillas/p/5833,https://www.dia.es/product_images/5833/5833_ISO_0_ES.jpg?imwidth=392,"0,89 €",Grasas 16.3g de las cuales saturadas 3.1g Hidratos de Carbono 0g de los cuales azúcares 0g Proteínas 17.3g Sal 1.3g,No disponible,"(13,69 €/KILO)"
Sardinas en aceite de girasol Mari Marinera de Dia lata 85 g,https://www.dia.es/conservas-caldos-y-cremas/sardinas-y-sardinillas/p/6082,https://www.dia.es/product_images/6082/6082_ISO_0_ES.jpg?imwidth=392,"0,85 €",Grasas 30g de las cuales saturadas 5.3g Proteínas 17g Sal 0.71g,No disponible,"(10,00 €/KILO)"
Sardinillas en aceite de oliva bajo en sal Mari Marinera de Dia lata 2 x 65 g,https://www.dia.es/conservas-caldos-y-cremas/sardinas-y-sardinillas/p/264821,https://www.dia.es/product_images/264821/264821_ISO_0_ES.jpg?imwidth=392,"2,05 €",Grasas 25.3g de las cuales saturadas 4.1g Hidratos de Carbono 0g de los cuales azúcares 0g Proteínas 15.9g Sal 0.8g,No disponible,"(15,77 €/KILO)"
Sardinas picantonas Albo lata 85 g,https://www.dia.es/conservas-caldos-y-cremas/sardinas-y-sardinillas/p/137675,https://www.dia.es/product_images/137675/137675_ISO_0_ES.jpg?imwidth=392,"2,15 €",Grasas 21g de las cuales saturadas 4.5g Hidratos de Carbono 1.4g de los cuales azúcares 0g Proteínas 16g Sal 0.9g Calcio 375mg,No disponible,"(25,29 €/KILO)"
Sardinillas en aceite de oliva bajo en sal Calvo lata 60 g,https://www.dia.es/conservas-caldos-y-cremas/sardinas-y-sardinillas/p/181199,https://www.dia.es/product_images/181199/181199_ISO_0_ES.jpg?imwidth=392,"1,89 €",Grasas 28g de las cuales saturadas 4g Hidratos de Carbono 0g de los cuales azúcares 0g Proteínas 18g Sal 0g,No disponible,"(31,50 €/KILO)"
Sardinas en aceite de oliva Albo lata 85 g,https://www.dia.es/conservas-caldos-y-cremas/sardinas-y-sardinillas/p/137118,https://www.dia.es/product_images/137118/137118_ISO_0_ES.jpg?imwidth=392,"2,15 €",Grasas 28g de las cuales saturadas 5.8g Hidratos de Carbono 0g de los cuales azúcares 0g Proteínas 20g Sal 0.8g,No disponible,"(25,29 €/KILO)"
Sardinillas en aceite de oliva 8/12 piezas Albo lata 82 g,https://www.dia.es/conservas-caldos-y-cremas/sardinas-y-sardinillas/p/211594,https://www.dia.es/product_images/211594/211594_ISO_0_ES.jpg?imwidth=392,"2,45 €",Grasas 23g de las cuales saturadas 4.5g Hidratos de Carbono 0g de los cuales azúcares 0g Proteínas 19g Sal 1g Calcio 350mg,No disponible,"(29,88 €/KILO)"
Filetes de sardina en aceite de oliva Minerva lata 85 g,https://www.dia.es/conservas-caldos-y-cremas/sardinas-y-sardinillas/p/289586,https://www.dia.es/product_images/289586/289586_ISO_0_ES.jpg?imwidth=392,"3,49 €",No disponible,No disponible,"(41,06 €/KILO)"
Sardinas en aceite de oliva Cuca lata 85 g,https://www.dia.es/conservas-caldos-y-cremas/sardinas-y-sardinillas/p/189402,https://www.dia.es/product_images/189402/189402_ISO_0_ES.jpg?imwidth=392,"1,95 €",Grasas 12g de las cuales saturadas 2.4g Hidratos de Carbono 0g de los cuales azúcares 0g Fibra alimentaria 0g Proteínas 23g Sal 1.2g,No disponible,"(22,94 €/KILO)"
Sardinilla aceite oliva Cuca lata 63 g,https://www.dia.es/conservas-caldos-y-cremas/sardinas-y-sardinillas/p/293421,https://www.dia.es/product_images/293421/293421_ISO_0_ES.jpg?imwidth=392,"2,79 €",Grasas 12g de las cuales saturadas 2.4g Hidratos de Carbono 0g de los cuales azúcares 0g Fibra alimentaria 0g Proteínas 23g Sal 1.3g,No disponible,"(44,29 €/KILO)"
Sardinillas en aceite de oliva Cabo de Peñas lata 62 g,https://www.dia.es/conservas-caldos-y-cremas/sardinas-y-sardinillas/p/282694,https://www.dia.es/product_images/282694/282694_ISO_0_ES.jpg?imwidth=392,"1,55 €",Grasas 15g de las cuales saturadas 3.4g Hidratos de Carbono 0g de los cuales azúcares 0g Proteínas 23.5g Sal 1.3g,No disponible,"(25,00 €/KILO)"
Trozos de calamar en salsa americana Lamberti lata 3 x 51 g,https://www.dia.es/conservas-caldos-y-cremas/otras-conservas-de-pescado/p/295185,https://www.dia.es/product_images/295185/295185_ISO_0_ES.jpg?imwidth=392,"2,00 €",No disponible,No disponible,"(13,07 €/KILO)"
Trozos de calamar en su tinta Lamberti lata 3 x 51 g,https://www.dia.es/conservas-caldos-y-cremas/otras-conservas-de-pescado/p/295186,https://www.dia.es/product_images/295186/295186_ISO_0_ES.jpg?imwidth=392,"2,20 €",No disponible,No disponible,"(14,38 €/KILO)"
Melva en aceite de oliva Mari Marinera de Dia lata 85 g,https://www.dia.es/conservas-caldos-y-cremas/otras-conservas-de-pescado/p/11829,https://www.dia.es/product_images/11829/11829_ISO_0_ES.jpg?imwidth=392,"2,13 €",Grasas 24g de las cuales saturadas 4.2g Hidratos de Carbono 0.5g de los cuales azúcares 0.5g Proteínas 21g Sal 0.64g,No disponible,"(25,06 €/KILO)"
Tacos de potón al ajillo Mari Marinera de Dia lata 72 g,https://www.dia.es/conservas-caldos-y-cremas/otras-conservas-de-pescado/p/275472,https://www.dia.es/product_images/275472/275472_ISO_0_ES.jpg?imwidth=392,"1,35 €",Grasas 21g de las cuales saturadas 2.2g Hidratos de Carbono 2g de los cuales azúcares 0.8g Proteínas 20g Sal 0.53g,No disponible,"(18,75 €/KILO)"
Zamburiña en salsa vieira Galica lata 63 g,https://www.dia.es/conservas-caldos-y-cremas/otras-conservas-de-pescado/p/293096,https://www.dia.es/product_images/293096/293096_ISO_0_ES.jpg?imwidth=392,"2,20 €",No disponible,No disponible,"(34,92 €/KILO)"
Maravillas de mar al ajillo Mari Marinera de Dia lata 50 g,https://www.dia.es/conservas-caldos-y-cremas/otras-conservas-de-pescado/p/89983,https://www.dia.es/product_images/89983/89983_ISO_0_ES.jpg?imwidth=392,"1,45 €",Grasas 43g de las cuales saturadas 6g Hidratos de Carbono 7.9g de los cuales azúcares 1.4g Proteínas 4.5g Sal 1.6g,No disponible,"(29,00 €/KILO)"
Ensalada milanesa de atún Al Punto Dia lata 150 g,https://www.dia.es/conservas-caldos-y-cremas/otras-conservas-de-pescado/p/44607,https://www.dia.es/product_images/44607/44607_ISO_0_ES.jpg?imwidth=392,"1,25 €",Grasas 12g de las cuales saturadas 1.8g Hidratos de Carbono 4.1g de los cuales azúcares 0.5g Proteínas 6.5g Sal 1.5g,No disponible,"(8,33 €/KILO)"
Almejas blancas del norte al natural Dani lata 90 g,https://www.dia.es/conservas-caldos-y-cremas/otras-conservas-de-pescado/p/286022,https://www.dia.es/product_images/286022/286022_ISO_0_ES.jpg?imwidth=392,"1,95 €",Grasas 2.9g de las cuales saturadas 0.8g Hidratos de Carbono 4g de los cuales azúcares 0g Proteínas 17.2g Sal 1g,No disponible,"(21,67 €/KILO)"
Calamares en su tinta Albo lata 72 g,https://www.dia.es/conservas-caldos-y-cremas/otras-conservas-de-pescado/p/147678,https://www.dia.es/product_images/147678/147678_ISO_0_ES.jpg?imwidth=392,"2,69 €",Grasas 36g de las cuales saturadas 4.1g Hidratos de Carbono 0.6g de los cuales azúcares 0g Fibra alimentaria 1.2g Proteínas 16g Sal 1.2g Fósforo 170mg,No disponible,"(37,36 €/KILO)"
Ensalada mediterránea de atún Al Punto Dia lata 150 g,https://www.dia.es/conservas-caldos-y-cremas/otras-conservas-de-pescado/p/44609,https://www.dia.es/product_images/44609/44609_ISO_0_ES.jpg?imwidth=392,"1,25 €",Grasas 11.9g de las cuales saturadas 1.7g Hidratos de Carbono 9.2g de los cuales azúcares 2.5g Proteínas 8.8g Sal 1.2g,No disponible,"(8,33 €/KILO)"
Almejones al natural Mari Marinera de Dia lata 63 g,https://www.dia.es/conservas-caldos-y-cremas/otras-conservas-de-pescado/p/26914,https://www.dia.es/product_images/26914/26914_ISO_0_ES.jpg?imwidth=392,"1,20 €",Grasas 1.6g de las cuales saturadas 0.4g Hidratos de Carbono 2.2g de los cuales azúcares 0g Proteínas 19g Sal 1.18g,No disponible,"(19,05 €/KILO)"
Almejón natural Galica lata 63 g,https://www.dia.es/conservas-caldos-y-cremas/otras-conservas-de-pescado/p/289542,https://www.dia.es/product_images/289542/289542_ISO_0_ES.jpg?imwidth=392,"1,45 €",No disponible,No disponible,"(23,02 €/KILO)"
Ensaladilla rusa Al Punto Dia lata 160 g,https://www.dia.es/conservas-caldos-y-cremas/otras-conservas-de-pescado/p/284385,https://www.dia.es/product_images/284385/284385_ISO_0_ES.jpg?imwidth=392,"1,89 €",Grasas 22g de las cuales saturadas 2.8g Hidratos de Carbono 4g de los cuales azúcares 1.6g Proteínas 6.7g Sal 1.2g,No disponible,"(11,81 €/KILO)"
Chipirones rellenos en su tinta Lamberti lata 72 g,https://www.dia.es/conservas-caldos-y-cremas/otras-conservas-de-pescado/p/295184,https://www.dia.es/product_images/295184/295184_ISO_0_ES.jpg?imwidth=392,"2,45 €",No disponible,No disponible,"(34,03 €/KILO)"
Trozos de calamares en salsa americana Albo lata 72 g,https://www.dia.es/conservas-caldos-y-cremas/otras-conservas-de-pescado/p/175329,https://www.dia.es/product_images/175329/175329_ISO_0_ES.jpg?imwidth=392,"2,69 €",No disponible,No disponible,"(37,36 €/KILO)"
Ensalada de pasta Al Punto Dia lata 160 g,https://www.dia.es/conservas-caldos-y-cremas/otras-conservas-de-pescado/p/284383,https://www.dia.es/product_images/284383/284383_ISO_0_ES.jpg?imwidth=392,"1,45 €",Grasas 7g de las cuales saturadas 1.1g Hidratos de Carbono 9.6g de los cuales azúcares 2.5g Proteínas 7.9g Sal 1.2g,No disponible,"(9,06 €/KILO)"
Navajuelas al natural Mari Marinera de Dia lata 63 g,https://www.dia.es/conservas-caldos-y-cremas/otras-conservas-de-pescado/p/119960,https://www.dia.es/product_images/119960/119960_ISO_0_ES.jpg?imwidth=392,"2,30 €",Grasas 1.5g de las cuales saturadas 0.8g Hidratos de Carbono 3.9g Proteínas 16.2g Sal 1.4g,No disponible,"(36,51 €/KILO)"
Calamares en salsa americana Cabo de Peñas lata 3 x 59 g,https://www.dia.es/conservas-caldos-y-cremas/otras-conservas-de-pescado/p/282685,https://www.dia.es/product_images/282685/282685_ISO_0_ES.jpg?imwidth=392,"2,49 €",Grasas 20g de las cuales saturadas 2g Hidratos de Carbono 3.2g de los cuales azúcares 2g Proteínas 8.1g Sal 0.7g,No disponible,"(14,07 €/KILO)"
Lomos de bacalao en aceite de oliva Mari Marinera de Dia frasco 100 g,https://www.dia.es/conservas-caldos-y-cremas/otras-conservas-de-pescado/p/302894,https://www.dia.es/product_images/302894/302894_ISO_0_ES.jpg?imwidth=392,"3,99 €",Grasas 40.4g de las cuales saturadas 6.1g Hidratos de Carbono 0g de los cuales azúcares 0g Proteínas 11.8g Sal 1.35g,No disponible,"(39,90 €/KILO)"
Chipirones rellenos en su tinta Mari Marinera de Dia lata 72 g,https://www.dia.es/conservas-caldos-y-cremas/otras-conservas-de-pescado/p/72491,https://www.dia.es/product_images/72491/72491_ISO_0_ES.jpg?imwidth=392,"2,45 €",Grasas 7.9g de las cuales saturadas 1.4g Hidratos de Carbono 0.7g de los cuales azúcares 0.5g Proteínas 17.9g Sal 0.59g,No disponible,"(34,03 €/KILO)"
Potón en su tinta Mari Marinera de Dia lata 3 x 51 g,https://www.dia.es/conservas-caldos-y-cremas/otras-conservas-de-pescado/p/62631,https://www.dia.es/product_images/62631/62631_ISO_0_ES.jpg?imwidth=392,"2,20 €",Grasas 15.6g de las cuales saturadas 1.7g Hidratos de Carbono 3.8g de los cuales azúcares 0.5g Proteínas 9g Sal 0.57g,No disponible,"(14,38 €/KILO)"
Potón en salsa americana Mari Marinera de Dia lata 3 x 51 g,https://www.dia.es/conservas-caldos-y-cremas/otras-conservas-de-pescado/p/51264,https://www.dia.es/product_images/51264/51264_ISO_0_ES.jpg?imwidth=392,"2,00 €",Grasas 12.3g de las cuales saturadas 1.3g Hidratos de Carbono 2.6g de los cuales azúcares 0g Proteínas 10.5g Sal 0.57g,No disponible,"(13,07 €/KILO)"
Chipirones rellenos en salsa americana Mari Marinera de Dia lata 72 g,https://www.dia.es/conservas-caldos-y-cremas/otras-conservas-de-pescado/p/51262,https://www.dia.es/product_images/51262/51262_ISO_0_ES.jpg?imwidth=392,"2,45 €",Grasas 7.8g de las cuales saturadas 1.1g Hidratos de Carbono 0.5g de los cuales azúcares 0g Proteínas 21.3g Sal 1.3g,No disponible,"(34,03 €/KILO)"
Chipirones rellenos en salsa americana Lamberti lata 72 g,https://www.dia.es/conservas-caldos-y-cremas/otras-conservas-de-pescado/p/295193,https://www.dia.es/product_images/295193/295193_ISO_0_ES.jpg?imwidth=392,"2,45 €",No disponible,No disponible,"(34,03 €/KILO)"
Concha fina al natural Ubago lata 55 GR,https://www.dia.es/conservas-caldos-y-cremas/otras-conservas-de-pescado/p/238344,https://www.dia.es/product_images/238344/238344_ISO_0_ES.jpg?imwidth=392,"2,39 €",Grasas 1.3g de las cuales saturadas 0.4g Hidratos de Carbono 2.5g de los cuales azúcares 0.5g Proteínas 17.8g Sal 1.7g,No disponible,"(43,45 €/KILO)"
Almejas al natural Dani lata 63 g,https://www.dia.es/conservas-caldos-y-cremas/otras-conservas-de-pescado/p/167154,https://www.dia.es/product_images/167154/167154_ISO_0_ES.jpg?imwidth=392,"2,45 €",Grasas 1.6g de las cuales saturadas 0.4g Hidratos de Carbono 2.2g de los cuales azúcares 0g Proteínas 19g Sal 1.2g,No disponible,"(38,89 €/KILO)"
Zamburiñas en salsa vieira Mari Marinera de Dia lata 63 g,https://www.dia.es/conservas-caldos-y-cremas/otras-conservas-de-pescado/p/139082,https://www.dia.es/product_images/139082/139082_ISO_0_ES.jpg?imwidth=392,"1,95 €",No disponible,No disponible,"(30,00 €/KILO)"
Navajas al natural Cabo de Hornos lata 63 g,https://www.dia.es/conservas-caldos-y-cremas/otras-conservas-de-pescado/p/134115,https://www.dia.es/product_images/134115/134115_ISO_0_ES.jpg?imwidth=392,"2,59 €",Grasas 1g de las cuales saturadas 0.3g Hidratos de Carbono 1g de los cuales azúcares 0g Proteínas 20g Sal 1g,No disponible,"(41,11 €/KILO)"
Melva en aceite de oliva Ubago lata 85 GR,https://www.dia.es/conservas-caldos-y-cremas/otras-conservas-de-pescado/p/1334,https://www.dia.es/product_images/1334/1334_ISO_0_ES.jpg?imwidth=392,"2,85 €",Grasas 24g de las cuales saturadas 4g Hidratos de Carbono 0.5g de los cuales azúcares 0.5g Proteínas 22g Sal 0.66g,No disponible,"(33,53 €/KILO)"
Melva en aceite de girasol Ubago lata 85 g,https://www.dia.es/conservas-caldos-y-cremas/otras-conservas-de-pescado/p/10298,https://www.dia.es/product_images/10298/10298_ISO_0_ES.jpg?imwidth=392,"2,65 €",Grasas 23g de las cuales saturadas 2.3g Hidratos de Carbono 0.5g de los cuales azúcares 0.5g Proteínas 22g Sal 0.67g,No disponible,"(31,18 €/KILO)"
Judías verdes cortadas categoría extra Vegecampo de Dia frasco 360 g,https://www.dia.es/conservas-caldos-y-cremas/conservas-vegetales/p/13049,https://www.dia.es/product_images/13049/13049_ISO_0_ES.jpg?imwidth=392,"1,00 €",Grasas 0.5g de las cuales saturadas 0.1g Hidratos de Carbono 2.1g de los cuales azúcares 0.8g Proteínas 1.3g Sal 0.7g,No disponible,"(2,78 €/KILO)"
Maíz dulce Vegecampo de Dia lata 3 x 140 g,https://www.dia.es/conservas-caldos-y-cremas/conservas-vegetales/p/47592,https://www.dia.es/product_images/47592/47592_ISO_0_ES.jpg?imwidth=392,"1,75 €",Grasas 1.7g de las cuales saturadas 0.3g Hidratos de Carbono 12g de los cuales azúcares 5.5g Proteínas 2.6g Sal 0.45g,No disponible,"(4,17 €/KILO)"
Pimientos del piquillo en tiras con ajo Vegecampo de Dia frasco 225 g,https://www.dia.es/conservas-caldos-y-cremas/conservas-vegetales/p/46598,https://www.dia.es/product_images/46598/46598_ISO_0_ES.jpg?imwidth=392,"1,10 €",Grasas 0g de las cuales saturadas 0g Hidratos de Carbono 9.1g de los cuales azúcares 8.1g Proteínas 0.9g Sal 1.1g,No disponible,"(4,89 €/KILO)"
Champiñones laminados Vegecampo de Dia lata 185 g,https://www.dia.es/conservas-caldos-y-cremas/conservas-vegetales/p/1666,https://www.dia.es/product_images/1666/1666_ISO_0_ES.jpg?imwidth=392,"1,00 €",Grasas 0g de las cuales saturadas 0g Hidratos de Carbono 1g de los cuales azúcares 0.2g Fibra alimentaria 2.3g Proteínas 2.4g Sal 0.6g,No disponible,"(5,41 €/KILO)"
Corazones de alcachofas Vegecampo de Dia frasco 115 g,https://www.dia.es/conservas-caldos-y-cremas/conservas-vegetales/p/100879,https://www.dia.es/product_images/100879/100879_ISO_0_ES.jpg?imwidth=392,"1,75 €",Grasas 0g de las cuales saturadas 0g Hidratos de Carbono 2.4g de los cuales azúcares 0g Proteínas 1.1g Sal 0.68g,No disponible,"(15,22 €/KILO)"
Espárragos blancos cortos y delgados Vegecampo de Dia frasco 110 g,https://www.dia.es/conservas-caldos-y-cremas/conservas-vegetales/p/245783,https://www.dia.es/product_images/245783/245783_ISO_0_ES.jpg?imwidth=392,"1,50 €",Grasas 0.4g de las cuales saturadas 0.1g Hidratos de Carbono 1.8g de los cuales azúcares 1.5g Proteínas 1.1g Sal 0.75g,No disponible,"(13,64 €/KILO)"
Patatas cocidas enteras Vegecampo de Dia frasco 400 g,https://www.dia.es/conservas-caldos-y-cremas/conservas-vegetales/p/283024,https://www.dia.es/product_images/283024/283024_ISO_0_ES.jpg?imwidth=392,"2,05 €",Grasas 0g de las cuales saturadas 0g Hidratos de Carbono 11g de los cuales azúcares 0g Proteínas 1g Sal 0.9g,No disponible,"(5,13 €/KILO)"
Macedonia de verdura Vegecampo de Dia frasco 325 g,https://www.dia.es/conservas-caldos-y-cremas/conservas-vegetales/p/17770,https://www.dia.es/product_images/17770/17770_ISO_0_ES.jpg?imwidth=392,"0,91 €",Grasas 0.5g de las cuales saturadas 0g Hidratos de Carbono 5.5g de los cuales azúcares 1.1g Proteínas 1.4g Sal 0.55g,No disponible,"(2,80 €/KILO)"
Champiñones laminados Vegecampo de Dia lata 2 x 105 g,https://www.dia.es/conservas-caldos-y-cremas/conservas-vegetales/p/303262,https://www.dia.es/product_images/303262/303262_ISO_0_ES.jpg?imwidth=392,"1,69 €",Grasas 0g de las cuales saturadas 0g Hidratos de Carbono 1g de los cuales azúcares 0.2g Fibra alimentaria 2.3g Proteínas 2.4g Sal 0.6g,No disponible,"(8,05 €/KILO)"
Ensalada china Vegecampo de Dia frasco 180 g,https://www.dia.es/conservas-caldos-y-cremas/conservas-vegetales/p/53199,https://www.dia.es/product_images/53199/53199_ISO_0_ES.jpg?imwidth=392,"1,00 €",Grasas 0.3g de las cuales saturadas 0.1g Hidratos de Carbono 4.8g de los cuales azúcares 4.2g Proteínas 1.2g Sal 1.6g,No disponible,"(5,56 €/KILO)"
Guisantes muy finos Vegecampo de Dia lata 250 g,https://www.dia.es/conservas-caldos-y-cremas/conservas-vegetales/p/46586,https://www.dia.es/product_images/46586/46586_ISO_0_ES.jpg?imwidth=392,"0,90 €",Grasas 0.8g de las cuales saturadas 0.1g Hidratos de Carbono 10g de los cuales azúcares 1.7g Proteínas 5.4g Sal 0.5g,No disponible,"(3,60 €/KILO)"
Guisantes medianos Vegecampo de Dia lata 3 x 130 g,https://www.dia.es/conservas-caldos-y-cremas/conservas-vegetales/p/287789,https://www.dia.es/product_images/287789/287789_ISO_0_ES.jpg?imwidth=392,"2,00 €",Grasas 0.8g de las cuales saturadas 0.1g Hidratos de Carbono 10g de los cuales azúcares 1.7g Proteínas 5.4g Sal 0.5g,No disponible,"(5,13 €/KILO)"
Espárragos blancos medianos extra Vegecampo de Dia frasco 205 g,https://www.dia.es/conservas-caldos-y-cremas/conservas-vegetales/p/4118,https://www.dia.es/product_images/4118/4118_ISO_0_ES.jpg?imwidth=392,"1,95 €",Grasas 0.4g de las cuales saturadas 0.1g Hidratos de Carbono 1.8g de los cuales azúcares 1.5g Proteínas 1.1g Sal 0.75g,No disponible,"(9,51 €/KILO)"
Pimientos del piquillo enteros al natural Vegecampo de Dia frasco 260 g,https://www.dia.es/conservas-caldos-y-cremas/conservas-vegetales/p/215665,https://www.dia.es/product_images/215665/215665_ISO_0_ES.jpg?imwidth=392,"1,37 €",Grasas 0g de las cuales saturadas 0g Hidratos de Carbono 8.9g de los cuales azúcares 7.8g Proteínas 0.9g Sal 1.1g,No disponible,"(5,27 €/KILO)"
Remolacha en rodajas Vegecampo de Dia frasco 180 g,https://www.dia.es/conservas-caldos-y-cremas/conservas-vegetales/p/12577,https://www.dia.es/product_images/12577/12577_ISO_0_ES.jpg?imwidth=392,"0,99 €",Grasas 0.1g de las cuales saturadas 0.1g Hidratos de Carbono 8.2g de los cuales azúcares 5.3g Proteínas 1.3g Sal 1g,No disponible,"(5,50 €/KILO)"
Zanahoria en tiras Vegecampo de Dia frasco 180 g,https://www.dia.es/conservas-caldos-y-cremas/conservas-vegetales/p/16543,https://www.dia.es/product_images/16543/16543_ISO_0_ES.jpg?imwidth=392,"0,90 €",Grasas 0.2g de las cuales saturadas 0.1g Hidratos de Carbono 8.6g de los cuales azúcares 6.2g Proteínas 1.9g Sal 2g,No disponible,"(5,00 €/KILO)"
Judías verdes redondas Vegecampo de Dia frasco 360 g,https://www.dia.es/conservas-caldos-y-cremas/conservas-vegetales/p/171371,https://www.dia.es/product_images/171371/171371_ISO_0_ES.jpg?imwidth=392,"1,25 €",Grasas 0.5g de las cuales saturadas 0.1g Hidratos de Carbono 2.6g de los cuales azúcares 1.1g Proteínas 0.7g Sal 0.7g,No disponible,"(3,47 €/KILO)"
Yemas de espárragos muy gruesos Vegecampo de Dia frasco 110 g,https://www.dia.es/conservas-caldos-y-cremas/conservas-vegetales/p/135483,https://www.dia.es/product_images/135483/135483_ISO_0_ES.jpg?imwidth=392,"1,99 €",Grasas 0.4g de las cuales saturadas 0.1g Hidratos de Carbono 1.8g de los cuales azúcares 1.5g Proteínas 1.1g Sal 0.75g,No disponible,"(18,09 €/KILO)"
Corazones de alcachofa Vegecampo de Dia lata 240 g,https://www.dia.es/conservas-caldos-y-cremas/conservas-vegetales/p/276527,https://www.dia.es/product_images/276527/276527_ISO_0_ES.jpg?imwidth=392,"1,85 €",Grasas 0g de las cuales saturadas 0g Hidratos de Carbono 5g de los cuales azúcares 1g Proteínas 2g Sal 0.7g,No disponible,"(7,71 €/KILO)"
Acelgas Vegecampo de Dia frasco 425 g,https://www.dia.es/conservas-caldos-y-cremas/conservas-vegetales/p/57465,https://www.dia.es/product_images/57465/57465_ISO_0_ES.jpg?imwidth=392,"1,75 €",Grasas 0.5g de las cuales saturadas 0g Hidratos de Carbono 1.5g de los cuales azúcares 1.3g Proteínas 0.8g Sal 0.5g,No disponible,"(4,12 €/KILO)"
Puré de patatas Patatas Unidas Dia caja 500 g,https://www.dia.es/conservas-caldos-y-cremas/sopas-caldos-y-pures-deshidratados/p/33365,https://www.dia.es/product_images/33365/33365_ISO_0_ES.jpg?imwidth=392,"2,00 €",Grasas 1g de las cuales saturadas 0.7g Hidratos de Carbono 12.4g de los cuales azúcares 1.8g Proteínas 2.3g Sal 0.05g,No disponible,"(4,00 €/KILO)"
Caldo de pollo Al Punto Dia caja 24 unidades,https://www.dia.es/conservas-caldos-y-cremas/sopas-caldos-y-pures-deshidratados/p/295317,https://www.dia.es/product_images/295317/295317_ISO_0_ES.jpg?imwidth=392,"1,30 €",Grasas 7.7g de las cuales saturadas 5.1g Hidratos de Carbono 20g de los cuales azúcares 0.6g Proteínas 12g Sal 55.5g,No disponible,"(0,05 €/UNIDAD)"
Caldo de pescado Al Punto Dia caja 12 unidades,https://www.dia.es/conservas-caldos-y-cremas/sopas-caldos-y-pures-deshidratados/p/295274,https://www.dia.es/product_images/295274/295274_ISO_0_ES.jpg?imwidth=392,"0,85 €",Grasas 9.1g de las cuales saturadas 7.1g Hidratos de Carbono 17g de los cuales azúcares 0.6g Proteínas 15g Sal 53.2g,No disponible,"(0,07 €/UNIDAD)"
Sopa de pollo con fideos Gallina Blanca sobre 71 g,https://www.dia.es/conservas-caldos-y-cremas/sopas-caldos-y-pures-deshidratados/p/530,https://www.dia.es/product_images/530/530_ISO_0_ES.jpg?imwidth=392,"0,85 €",Grasas 0.1g de las cuales saturadas 0g Hidratos de Carbono 4.8g de los cuales azúcares 0.1g Fibra alimentaria 0.2g Proteínas 0.8g Sal 0.76g,No disponible,"(11,97 €/KILO)"
Sopa maravilla Al Punto Dia sobre 90 g,https://www.dia.es/conservas-caldos-y-cremas/sopas-caldos-y-pures-deshidratados/p/295310,https://www.dia.es/product_images/295310/295310_ISO_0_ES.jpg?imwidth=392,"0,65 €",Grasas 1.5g de las cuales saturadas 0.3g Hidratos de Carbono 66g de los cuales azúcares 3.1g Proteínas 11g Sal 8.66g,No disponible,"(7,22 €/KILO)"
Caldo de pescado Knorr caja 12 unidades,https://www.dia.es/conservas-caldos-y-cremas/sopas-caldos-y-pures-deshidratados/p/189857,https://www.dia.es/product_images/189857/189857_ISO_0_ES.jpg?imwidth=392,"1,69 €",Grasas 22g de las cuales saturadas 14g Hidratos de Carbono 4g de los cuales azúcares 2.2g Fibra alimentaria 0.5g Proteínas 13g Sal 52.5g,No disponible,"(0,14 €/UNIDAD)"
Noodles orientales sabor pollo Al Punto Dia vaso 65 g,https://www.dia.es/pizzas-y-platos-preparados/comida-internacional/p/218533,https://www.dia.es/product_images/218533/218533_ISO_0_ES.jpg?imwidth=392,"0,85 €",Grasas 20g de las cuales saturadas 2.5g Hidratos de Carbono 60g de los cuales azúcares 2.5g Proteínas 8.5g Sal 6.2g,No disponible,"(13,08 €/KILO)"
Sopa de pollo con fideos Al Punto Dia sobre 71 g,https://www.dia.es/conservas-caldos-y-cremas/sopas-caldos-y-pures-deshidratados/p/295312,https://www.dia.es/product_images/295312/295312_ISO_0_ES.jpg?imwidth=392,"0,44 €",Grasas 1.6g de las cuales saturadas 0.4g Hidratos de Carbono 61g de los cuales azúcares 2.9g Proteínas 11g Sal 11.59g,No disponible,"(6,20 €/KILO)"
Caldo natural de pollo Aneto brik 500 ml,https://www.dia.es/conservas-caldos-y-cremas/cremas-y-caldos-liquidos/p/304350,https://www.dia.es/product_images/304350/304350_ISO_0_ES.jpg?imwidth=392,"1,50 €",No disponible,No disponible,"(3,00 €/LITRO)"
Sopa de ternera con estrellitas Gallina Blanca sobre 74 g,https://www.dia.es/conservas-caldos-y-cremas/sopas-caldos-y-pures-deshidratados/p/5297,https://www.dia.es/product_images/5297/5297_ISO_0_ES.jpg?imwidth=392,"0,85 €",Grasas 0.2g de las cuales saturadas 0g Hidratos de Carbono 4.9g de los cuales azúcares 0.3g Fibra alimentaria 0.1g Proteínas 0.9g Sal 0.7g,No disponible,"(11,49 €/KILO)"
Sopa de cocido con fideos Gallina Blanca sobre 72 g,https://www.dia.es/conservas-caldos-y-cremas/sopas-caldos-y-pures-deshidratados/p/186682,https://www.dia.es/product_images/186682/186682_ISO_0_ES.jpg?imwidth=392,"0,85 €",Grasas 0.1g de las cuales saturadas 0g Hidratos de Carbono 4.6g de los cuales azúcares 0.1g Fibra alimentaria 0.3g Proteínas 0.9g Sal 0.66g,No disponible,"(11,81 €/KILO)"
Caldo de carne Knorr caja 18 unidades,https://www.dia.es/conservas-caldos-y-cremas/sopas-caldos-y-pures-deshidratados/p/261938,https://www.dia.es/product_images/261938/261938_ISO_0_ES.jpg?imwidth=392,"1,86 €",Grasas 0.5g de las cuales saturadas 0.2g Hidratos de Carbono 0.5g de los cuales azúcares 0.5g Fibra alimentaria 0.5g Proteínas 0.5g Sal 1.1g,No disponible,"(0,10 €/UNIDAD)"
Noodles sabor gamba Al Punto Dia sobre 85 g,https://www.dia.es/pizzas-y-platos-preparados/comida-internacional/p/177647,https://www.dia.es/product_images/177647/177647_ISO_0_ES.jpg?imwidth=392,"0,99 €",Grasas 3.2g de las cuales saturadas 1.6g Hidratos de Carbono 11g de los cuales azúcares 0.1g Proteínas 1.9g Sal 0.52g,No disponible,"(11,65 €/KILO)"
Caldo de verduras Al Punto Dia caja 12 unidades,https://www.dia.es/conservas-caldos-y-cremas/sopas-caldos-y-pures-deshidratados/p/295273,https://www.dia.es/product_images/295273/295273_ISO_0_ES.jpg?imwidth=392,"0,85 €",Grasas 5.1g de las cuales saturadas 3.9g Hidratos de Carbono 20.9g de los cuales azúcares 2.5g Proteínas 13.2g Sal 54g,No disponible,"(0,07 €/UNIDAD)"
Pastillas de caldo de pollo Gallina Blanca Avecrem caja 8 unidades,https://www.dia.es/conservas-caldos-y-cremas/sopas-caldos-y-pures-deshidratados/p/501,https://www.dia.es/product_images/501/501_ISO_0_ES.jpg?imwidth=392,"1,00 €",Grasas 9.4g de las cuales saturadas 5.8g Hidratos de Carbono 14g de los cuales azúcares 0.8g Fibra alimentaria 0.5g Proteínas 10g Sal 54.3g,No disponible,"(0,13 €/UNIDAD)"
Pastillas de caldo de pollo Gallina Blanca Avecrem caja 24 unidades,https://www.dia.es/conservas-caldos-y-cremas/sopas-caldos-y-pures-deshidratados/p/500,https://www.dia.es/product_images/500/500_ISO_0_ES.jpg?imwidth=392,"2,95 €",Grasas 9.4g de las cuales saturadas 5.8g Hidratos de Carbono 14g de los cuales azúcares 0.8g Fibra alimentaria 0.5g Proteínas 10g Sal 54.3g,No disponible,"(0,12 €/UNIDAD)"
Sopa de pollo con maravilla Gallina Blanca sobre 85 g,https://www.dia.es/conservas-caldos-y-cremas/sopas-caldos-y-pures-deshidratados/p/1767,https://www.dia.es/product_images/1767/1767_ISO_0_ES.jpg?imwidth=392,"0,85 €",Grasas 0.2g de las cuales saturadas 0g Hidratos de Carbono 5.4g de los cuales azúcares 0.1g Fibra alimentaria 0.3g Proteínas 1g Sal 0.67g,No disponible,"(10,00 €/KILO)"
Noodles orientales sabor verduras Al Punto Dia vaso 65 g,https://www.dia.es/pizzas-y-platos-preparados/comida-internacional/p/218534,https://www.dia.es/product_images/218534/218534_ISO_0_ES.jpg?imwidth=392,"0,85 €",Grasas 20g de las cuales saturadas 2.5g Hidratos de Carbono 60g de los cuales azúcares 2.5g Proteínas 8.6g Sal 6.3g,No disponible,"(13,08 €/KILO)"
Caldo sabor a carne Al Punto Dia caja 24 unidades,https://www.dia.es/conservas-caldos-y-cremas/sopas-caldos-y-pures-deshidratados/p/295308,https://www.dia.es/product_images/295308/295308_ISO_0_ES.jpg?imwidth=392,"1,75 €",Grasas 19g de las cuales saturadas 15g Hidratos de Carbono 9g de los cuales azúcares 0.2g Proteínas 11g Sal 55.59g,No disponible,"(0,07 €/UNIDAD)"
Puré de patatas Maggi caja 230 g,https://www.dia.es/conservas-caldos-y-cremas/sopas-caldos-y-pures-deshidratados/p/551,https://www.dia.es/product_images/551/551_ISO_0_ES.jpg?imwidth=392,"2,39 €",Grasas 0.8g de las cuales saturadas 0.6g Hidratos de Carbono 74g de los cuales azúcares 3.5g Fibra alimentaria 7.7g Proteínas 7.4g Sal 0.06g,No disponible,"(10,39 €/KILO)"
Sopa de ave con fideos Gallina Blanca sobre 76 g,https://www.dia.es/conservas-caldos-y-cremas/sopas-caldos-y-pures-deshidratados/p/525,https://www.dia.es/product_images/525/525_ISO_0_ES.jpg?imwidth=392,"0,85 €",Grasas 0.1g de las cuales saturadas 0g Hidratos de Carbono 4.8g de los cuales azúcares 0.1g Fibra alimentaria 0.2g Proteínas 1g Sal 0.72g,No disponible,"(11,18 €/KILO)"
Crema de pollo con picatostes Gallina Blanca Sopinstant caja 63 g,https://www.dia.es/conservas-caldos-y-cremas/sopas-caldos-y-pures-deshidratados/p/1778,https://www.dia.es/product_images/1778/1778_ISO_0_ES.jpg?imwidth=392,"1,49 €",Grasas 1.6g de las cuales saturadas 0.5g Hidratos de Carbono 6.5g de los cuales azúcares 1.4g Fibra alimentaria 0.1g Proteínas 0.8g Sal 0.66g,No disponible,"(23,65 €/KILO)"
Puré de patatas con leche Maggi caja 230 g,https://www.dia.es/conservas-caldos-y-cremas/sopas-caldos-y-pures-deshidratados/p/80291,https://www.dia.es/product_images/80291/80291_ISO_0_ES.jpg?imwidth=392,"2,59 €",Grasas 3.8g de las cuales saturadas 2.2g Hidratos de Carbono 70g de los cuales azúcares 7.3g Fibra alimentaria 6g Proteínas 9.2g Sal 0.14g Calcio 155mg,No disponible,"(11,26 €/KILO)"
Caldo vegetal Knorr caja 12 unidades,https://www.dia.es/conservas-caldos-y-cremas/sopas-caldos-y-pures-deshidratados/p/42923,https://www.dia.es/product_images/42923/42923_ISO_0_ES.jpg?imwidth=392,"1,69 €",Grasas 21g de las cuales saturadas 13g Hidratos de Carbono 11g de los cuales azúcares 3.2g Fibra alimentaria 1.8g Proteínas 9.2g Sal 49.4g,No disponible,"(0,14 €/UNIDAD)"
Sopa minestrina Frozen Knorr bolsa 40 g,https://www.dia.es/conservas-caldos-y-cremas/sopas-caldos-y-pures-deshidratados/p/290703,https://www.dia.es/product_images/290703/290703_ISO_0_ES.jpg?imwidth=392,"0,99 €",Grasas 6.6g de las cuales saturadas 3.2g Hidratos de Carbono 60g de los cuales azúcares 4.3g Fibra alimentaria 3.3g Proteínas 16g Sal 7.1g,No disponible,"(24,75 €/KILO)"
Caldo de pollo 100% natural Gallina Blanca Avecrem caja 10 unidades,https://www.dia.es/conservas-caldos-y-cremas/sopas-caldos-y-pures-deshidratados/p/273360,https://www.dia.es/product_images/273360/273360_ISO_0_ES.jpg?imwidth=392,"1,65 €",Grasas 4.1g de las cuales saturadas 0.6g Hidratos de Carbono 30g de los cuales azúcares 18g Fibra alimentaria 0.6g Proteínas 9.2g Sal 50.9g,No disponible,"(0,17 €/UNIDAD)"
Fideos orientales yakisoba Gallina Blanca Yatekomo bolsa 93 g,https://www.dia.es/pizzas-y-platos-preparados/comida-internacional/p/228642,https://www.dia.es/product_images/228642/228642_ISO_0_ES.jpg?imwidth=392,"1,59 €",Grasas 8.1g de las cuales saturadas 3.3g Hidratos de Carbono 23g de los cuales azúcares 1.3g Fibra alimentaria 1.6g Proteínas 3.8g Sal 1.1g,No disponible,"(17,10 €/KILO)"
Fideos orientales yakisoba pollo Gallina Blanca Yatekomo bolsa 93 g,https://www.dia.es/pizzas-y-platos-preparados/comida-internacional/p/228641,https://www.dia.es/product_images/228641/228641_ISO_0_ES.jpg?imwidth=392,"1,59 €",Grasas 11g de las cuales saturadas 4.9g Hidratos de Carbono 29g de los cuales azúcares 3.9g Fibra alimentaria 1.6g Proteínas 4.9g Sal 1.3g,No disponible,"(17,10 €/KILO)"
Fideos orientales yakisoba Gallina Blanca Yatekomo vaso 93 g,https://www.dia.es/pizzas-y-platos-preparados/comida-internacional/p/197611,https://www.dia.es/product_images/197611/197611_ISO_0_ES.jpg?imwidth=392,"1,95 €",Grasas 11g de las cuales saturadas 4.8g Hidratos de Carbono 28g de los cuales azúcares 1.9g Fibra alimentaria 1.7g Proteínas 4.1g Sal 1g,No disponible,"(20,97 €/KILO)"
Fideos orientales yakisoba pollo Gallina Blanca Yatekomo vaso 93 g,https://www.dia.es/pizzas-y-platos-preparados/comida-internacional/p/197610,https://www.dia.es/product_images/197610/197610_ISO_0_ES.jpg?imwidth=392,"1,95 €",Grasas 10g de las cuales saturadas 4.7g Hidratos de Carbono 28g de los cuales azúcares 3.7g Fibra alimentaria 1.5g Proteínas 4.7g Sal 1.2g,No disponible,"(20,97 €/KILO)"
Crema de espárragos Gallina Blanca Sopinstant caja 57 g,https://www.dia.es/conservas-caldos-y-cremas/sopas-caldos-y-pures-deshidratados/p/188816,https://www.dia.es/product_images/188816/188816_ISO_0_ES.jpg?imwidth=392,"1,49 €",Grasas 1.3g de las cuales saturadas 0.4g Hidratos de Carbono 6.5g de los cuales azúcares 1.3g Fibra alimentaria 0.2g Proteínas 0.6g Sal 0.63g,No disponible,"(26,14 €/KILO)"
Sopa jardinera Gallina Blanca sobre 77 g,https://www.dia.es/conservas-caldos-y-cremas/sopas-caldos-y-pures-deshidratados/p/187476,https://www.dia.es/product_images/187476/187476_ISO_0_ES.jpg?imwidth=392,"0,85 €",Grasas 0.1g de las cuales saturadas 0g Hidratos de Carbono 4.4g de los cuales azúcares 0.6g Fibra alimentaria 0.4g Proteínas 0.8g Sal 0.66g,No disponible,"(11,04 €/KILO)"
Pasta oriental fusian sabor pollo Maggi sobre 71 g,https://www.dia.es/pizzas-y-platos-preparados/comida-internacional/p/16357,https://www.dia.es/product_images/16357/16357_ISO_0_ES.jpg?imwidth=392,"0,99 €",Grasas 4.4g de las cuales saturadas 0.3g Hidratos de Carbono 16.8g de los cuales azúcares 0.7g Fibra alimentaria 0.7g Proteínas 2.8g Sal 0.81g,No disponible,"(13,94 €/KILO)"
Sopa de verduras con picatostes Gallina Blanca Sopinstant caja 51 g,https://www.dia.es/conservas-caldos-y-cremas/sopas-caldos-y-pures-deshidratados/p/1465,https://www.dia.es/product_images/1465/1465_ISO_0_ES.jpg?imwidth=392,"1,49 €",Grasas 0.8g de las cuales saturadas 0.3g Hidratos de Carbono 5.5g de los cuales azúcares 0.2g Fibra alimentaria 0.3g Proteínas 0.4g Sal 0.81g,No disponible,"(29,22 €/KILO)"
Sopa de verduras Gallina Blanca sobre 51 g,https://www.dia.es/conservas-caldos-y-cremas/sopas-caldos-y-pures-deshidratados/p/1459,https://www.dia.es/product_images/1459/1459_ISO_0_ES.jpg?imwidth=392,"0,85 €",Grasas 0.1g de las cuales saturadas 0g Hidratos de Carbono 3g de los cuales azúcares 1g Fibra alimentaria 0.5g Proteínas 0.5g Sal 0.66g,No disponible,"(16,67 €/KILO)"
Crema de champiñones Knorr sobre 62 g,https://www.dia.es/conservas-caldos-y-cremas/sopas-caldos-y-pures-deshidratados/p/142769,https://www.dia.es/product_images/142769/142769_ISO_0_ES.jpg?imwidth=392,"0,99 €",Grasas 0.5g de las cuales saturadas 0.2g Hidratos de Carbono 3.7g de los cuales azúcares 0.5g Fibra alimentaria 0.5g Proteínas 0.6g Sal 0.83g,No disponible,"(15,97 €/KILO)"
Sopa de pollo con fideos finos bajo en sal Gallina Blanca sobre 68 g,https://www.dia.es/conservas-caldos-y-cremas/sopas-caldos-y-pures-deshidratados/p/118021,https://www.dia.es/product_images/118021/118021_ISO_0_ES.jpg?imwidth=392,"0,85 €",Grasas 0.1g de las cuales saturadas 0g Hidratos de Carbono 4.6g de los cuales azúcares 0.1g Fibra alimentaria 0.2g Proteínas 0.9g Sal 0.28g,No disponible,"(12,50 €/KILO)"
Hierbas provenzales Maggi sobre 34 g,https://www.dia.es/conservas-caldos-y-cremas/sopas-caldos-y-pures-deshidratados/p/117881,https://www.dia.es/product_images/117881/117881_ISO_0_ES.jpg?imwidth=392,"1,10 €",Grasas 4.2g de las cuales saturadas 1.2g Hidratos de Carbono 53.6g de los cuales azúcares 11.2g Fibra alimentaria 8.8g Proteínas 7.5g Sal 15.5g,No disponible,"(32,35 €/KILO)"
Caldo de pollo casero Al Punto Dia brik 1 l,https://www.dia.es/conservas-caldos-y-cremas/cremas-y-caldos-liquidos/p/54127,https://www.dia.es/product_images/54127/54127_ISO_0_ES.jpg?imwidth=392,"0,70 €",Grasas 0.3g de las cuales saturadas 0.1g Hidratos de Carbono 0.1g de los cuales azúcares 0.1g Proteínas 0.4g Sal 0.83g,No disponible,"(0,70 €/LITRO)"
Crema de calabaza Al Punto Dia brik 500 ml,https://www.dia.es/conservas-caldos-y-cremas/cremas-y-caldos-liquidos/p/27907,https://www.dia.es/product_images/27907/27907_ISO_0_ES.jpg?imwidth=392,"1,00 €",Grasas 1.1g de las cuales saturadas 0.2g Hidratos de Carbono 5.1g de los cuales azúcares 3g Proteínas 1g Sal 0.7g,No disponible,"(2,00 €/LITRO)"
Caldo de cocido Al Punto Dia brik 1 l,https://www.dia.es/conservas-caldos-y-cremas/cremas-y-caldos-liquidos/p/78583,https://www.dia.es/product_images/78583/78583_ISO_0_ES.jpg?imwidth=392,"0,90 €",Grasas 0.3g de las cuales saturadas 0.1g Hidratos de Carbono 0.5g de los cuales azúcares 0g Proteínas 0.5g Sal 0.87g,No disponible,"(0,90 €/LITRO)"
Crema de verduras Al Punto Dia brik 500 ml,https://www.dia.es/conservas-caldos-y-cremas/cremas-y-caldos-liquidos/p/27906,https://www.dia.es/product_images/27906/27906_ISO_0_ES.jpg?imwidth=392,"1,00 €",Grasas 1.3g de las cuales saturadas 0.2g Hidratos de Carbono 5.5g de los cuales azúcares 2.9g Proteínas 0.9g Sal 0.7g,No disponible,"(2,00 €/LITRO)"
Caldo de pollo 100% natural Gallina Blanca brik 2 x 1 l,https://www.dia.es/conservas-caldos-y-cremas/cremas-y-caldos-liquidos/p/159230,https://www.dia.es/product_images/159230/159230_ISO_0_ES.jpg?imwidth=392,"4,19 €",Grasas 0.3g de las cuales saturadas 0.1g Hidratos de Carbono 0.2g de los cuales azúcares 0g Fibra alimentaria 0g Proteínas 0.4g Sal 0.75g,No disponible,"(2,10 €/LITRO)"
Crema de calabacín con queso Al Punto Dia brik 500 ml,https://www.dia.es/conservas-caldos-y-cremas/cremas-y-caldos-liquidos/p/27874,https://www.dia.es/product_images/27874/27874_ISO_0_ES.jpg?imwidth=392,"1,00 €",Grasas 1g de las cuales saturadas 0.2g Hidratos de Carbono 6g de los cuales azúcares 1.6g Proteínas 0.8g Sal 0.7g,No disponible,"(2,00 €/LITRO)"
Caldo de pescado Al Punto Dia brik 1 l,https://www.dia.es/conservas-caldos-y-cremas/cremas-y-caldos-liquidos/p/27865,https://www.dia.es/product_images/27865/27865_ISO_0_ES.jpg?imwidth=392,"1,00 €",Grasas 0.1g de las cuales saturadas 0.1g Hidratos de Carbono 0.4g de los cuales azúcares 0g Proteínas 0.3g Sal 0.75g,No disponible,"(1,00 €/LITRO)"
Caldo de verduras Al Punto Dia brik 1 l,https://www.dia.es/conservas-caldos-y-cremas/cremas-y-caldos-liquidos/p/293334,https://www.dia.es/product_images/293334/293334_ISO_0_ES.jpg?imwidth=392,"1,00 €",Grasas 0.1g de las cuales saturadas 0g Hidratos de Carbono 0.7g de los cuales azúcares 0g Proteínas 0.2g Sal 0.8g,No disponible,"(1,00 €/LITRO)"
Caldo natural de pollo Aneto brik 500 ml,https://www.dia.es/conservas-caldos-y-cremas/cremas-y-caldos-liquidos/p/304350,https://www.dia.es/product_images/304350/304350_ISO_0_ES.jpg?imwidth=392,"1,50 €",No disponible,No disponible,"(3,00 €/LITRO)"
Caldo para paella Al Punto Dia brik 1 l,https://www.dia.es/conservas-caldos-y-cremas/cremas-y-caldos-liquidos/p/293333,https://www.dia.es/product_images/293333/293333_ISO_0_ES.jpg?imwidth=392,"2,00 €",Grasas 1.4g de las cuales saturadas 0.2g Hidratos de Carbono 0g de los cuales azúcares 0g Proteínas 0.9g Sal 0.83g,No disponible,"(2,00 €/LITRO)"
Caldo de cocido 100% natural Gallina Blanca brik 2 x 1 l,https://www.dia.es/conservas-caldos-y-cremas/cremas-y-caldos-liquidos/p/217167,https://www.dia.es/product_images/217167/217167_ISO_0_ES.jpg?imwidth=392,"4,19 €",Grasas 0.3g de las cuales saturadas 0.1g Hidratos de Carbono 0.1g de los cuales azúcares 0g Fibra alimentaria 0g Proteínas 0.3g Sal 0.75g,No disponible,"(2,10 €/LITRO)"
Caldo gourmet con pollo de corral y jamón Al Punto Dia brik 1 l,https://www.dia.es/conservas-caldos-y-cremas/cremas-y-caldos-liquidos/p/295268,https://www.dia.es/product_images/295268/295268_ISO_0_ES.jpg?imwidth=392,"1,99 €",Grasas 0.9g de las cuales saturadas 0.4g Hidratos de Carbono 0g de los cuales azúcares 0g Proteínas 0.5g Sal 0.67g,No disponible,"(1,99 €/LITRO)"
Caldo casero de pollo 100% natural Gallina Blanca brik 1 l,https://www.dia.es/conservas-caldos-y-cremas/cremas-y-caldos-liquidos/p/150913,https://www.dia.es/product_images/150913/150913_ISO_0_ES.jpg?imwidth=392,"2,20 €",Grasas 0.3g de las cuales saturadas 0g Hidratos de Carbono 0.2g de los cuales azúcares 0.1g Fibra alimentaria 0g Proteínas 0.4g Sal 0.75g,No disponible,"(2,20 €/LITRO)"
Fumet de pescado Gallina Blanca brik 1 l,https://www.dia.es/conservas-caldos-y-cremas/cremas-y-caldos-liquidos/p/292052,https://www.dia.es/product_images/292052/292052_ISO_0_ES.jpg?imwidth=392,"3,49 €",Grasas 0.1g de las cuales saturadas 0g Hidratos de Carbono 0.6g de los cuales azúcares 0.3g Fibra alimentaria 0.1g Proteínas 0.5g Sal 0.75g,No disponible,"(3,49 €/LITRO)"
Caldo natural de pollo con jamón ibérico Gallo brik 1 l,https://www.dia.es/conservas-caldos-y-cremas/cremas-y-caldos-liquidos/p/290598,https://www.dia.es/product_images/290598/290598_ISO_0_ES.jpg?imwidth=392,"1,99 €",Grasas 0.2g de las cuales saturadas 0.1g Hidratos de Carbono 0.2g de los cuales azúcares 0g Fibra alimentaria 0.1g Proteínas 1.2g Sal 0.98g,No disponible,"(1,99 €/LITRO)"
"Crema de zanahoria, calabaza y guisantes Knorr brik 500 ml",https://www.dia.es/conservas-caldos-y-cremas/cremas-y-caldos-liquidos/p/261928,https://www.dia.es/product_images/261928/261928_ISO_0_ES.jpg?imwidth=392,"2,39 €",Grasas 4.3g de las cuales saturadas 1.5g Hidratos de Carbono 6.4g de los cuales azúcares 3.3g Fibra alimentaria 0.8g Proteínas 1g Sal 0.66g,No disponible,"(4,78 €/LITRO)"
Caldo para paella de marisco Gallina Blanca brik 1 l,https://www.dia.es/conservas-caldos-y-cremas/cremas-y-caldos-liquidos/p/164595,https://www.dia.es/product_images/164595/164595_ISO_0_ES.jpg?imwidth=392,"3,49 €",Grasas 0.6g de las cuales saturadas 0.1g Hidratos de Carbono 1g de los cuales azúcares 0.5g Fibra alimentaria 0.2g Proteínas 0.8g Sal 0.85g,No disponible,"(3,49 €/LITRO)"
Crema de calabaza Al Punto Dia botella 490 ml,https://www.dia.es/conservas-caldos-y-cremas/cremas-y-caldos-liquidos/p/295272,https://www.dia.es/product_images/295272/295272_ISO_0_ES.jpg?imwidth=392,"2,59 €",Grasas 2.4g de las cuales saturadas 0.5g Hidratos de Carbono 2.6g de los cuales azúcares 1.6g Proteínas 0.6g Sal 0.7g,No disponible,"(5,29 €/LITRO)"
Crema de hongos Al Punto Dia frasco 500 ml,https://www.dia.es/conservas-caldos-y-cremas/cremas-y-caldos-liquidos/p/286075,https://www.dia.es/product_images/286075/286075_ISO_0_ES.jpg?imwidth=392,"2,59 €",Grasas 2.7g de las cuales saturadas 0.6g Hidratos de Carbono 3g de los cuales azúcares 0.3g Proteínas 1.1g Sal 0.8g,No disponible,"(5,29 €/LITRO)"
Crema de puerros Al Punto Dia frasco 500 ml,https://www.dia.es/conservas-caldos-y-cremas/cremas-y-caldos-liquidos/p/295243,https://www.dia.es/product_images/295243/295243_ISO_0_ES.jpg?imwidth=392,"2,59 €",Grasas 2.4g de las cuales saturadas 0.5g Hidratos de Carbono 5.8g de los cuales azúcares 3.5g Proteínas 0.4g Sal 0.8g,No disponible,"(5,29 €/LITRO)"
Caldo natural de pollo Aneto brik 1 l,https://www.dia.es/conservas-caldos-y-cremas/cremas-y-caldos-liquidos/p/42808,https://www.dia.es/product_images/42808/42808_ISO_0_ES.jpg?imwidth=392,"4,29 €",Grasas 0.3g de las cuales saturadas 0.1g Hidratos de Carbono 0.2g de los cuales azúcares 0g Fibra alimentaria 0.1g Proteínas 0.7g Sal 0.7g,No disponible,"(4,29 €/LITRO)"
Caldo natural de pollo Aneto brik 500 ml,https://www.dia.es/conservas-caldos-y-cremas/cremas-y-caldos-liquidos/p/304350,https://www.dia.es/product_images/304350/304350_ISO_0_ES.jpg?imwidth=392,"1,50 €",No disponible,No disponible,"(3,00 €/LITRO)"
Caldo de marisco Gallo brik 1 l,https://www.dia.es/conservas-caldos-y-cremas/cremas-y-caldos-liquidos/p/304099,https://www.dia.es/product_images/304099/304099_ISO_0_ES.jpg?imwidth=392,"3,49 €",Grasas 0.7g de las cuales saturadas 0.2g Hidratos de Carbono 0.8g de los cuales azúcares 0g Fibra alimentaria 0.3g Proteínas 1.7g Sal 1.2g,No disponible,"(3,49 €/LITRO)"
Caldo ramen de pollo Itsu brik 500 ml,https://www.dia.es/conservas-caldos-y-cremas/cremas-y-caldos-liquidos/p/301188,https://www.dia.es/product_images/301188/301188_ISO_0_ES.jpg?imwidth=392,"2,95 €",Grasas 1.8g de las cuales saturadas 0.3g Hidratos de Carbono 0.8g de los cuales azúcares 0.8g Fibra alimentaria 0.5g Proteínas 1.3g Sal 0.73g,No disponible,"(5,90 €/LITRO)"
Caldo gourmet de pollo con jamón Gallina Blanca brik 1 l,https://www.dia.es/conservas-caldos-y-cremas/cremas-y-caldos-liquidos/p/297553,https://www.dia.es/product_images/297553/297553_ISO_0_ES.jpg?imwidth=392,"2,99 €",Grasas 0.4g de las cuales saturadas 0.1g Hidratos de Carbono 0.4g de los cuales azúcares 0g Fibra alimentaria 0g Proteínas 0.6g Sal 0.75g,No disponible,"(2,99 €/LITRO)"
Caldo casero de pollo y 8 verduras Gallina Blanca brik 1 l,https://www.dia.es/conservas-caldos-y-cremas/cremas-y-caldos-liquidos/p/297551,https://www.dia.es/product_images/297551/297551_ISO_0_ES.jpg?imwidth=392,"2,20 €",Grasas 0.1g de las cuales saturadas 0g Hidratos de Carbono 0.1g de los cuales azúcares 0.1g Fibra alimentaria 0g Proteínas 0.2g Sal 0.71g,No disponible,"(2,20 €/LITRO)"
Caldo gourmet de pollo Gallina Blanca brik 1 l,https://www.dia.es/conservas-caldos-y-cremas/cremas-y-caldos-liquidos/p/290890,https://www.dia.es/product_images/290890/290890_ISO_0_ES.jpg?imwidth=392,"2,99 €",Grasas 0.3g de las cuales saturadas 0.1g Hidratos de Carbono 0.2g de los cuales azúcares 0g Fibra alimentaria 0g Proteínas 0.8g Sal 0.7g,No disponible,"(2,99 €/LITRO)"
Caldo natural de verduras Gallo brik 1 l,https://www.dia.es/conservas-caldos-y-cremas/cremas-y-caldos-liquidos/p/290599,https://www.dia.es/product_images/290599/290599_ISO_0_ES.jpg?imwidth=392,"1,99 €",Grasas 0.1g de las cuales saturadas 0g Hidratos de Carbono 0.8g de los cuales azúcares 0g Fibra alimentaria 0.2g Proteínas 0.4g Sal 0.78g,No disponible,"(1,99 €/LITRO)"
Caldo natural de cocido Gallo brik 1 l,https://www.dia.es/conservas-caldos-y-cremas/cremas-y-caldos-liquidos/p/290597,https://www.dia.es/product_images/290597/290597_ISO_0_ES.jpg?imwidth=392,"1,99 €",Grasas 0.2g de las cuales saturadas 0.1g Hidratos de Carbono 0.2g de los cuales azúcares 0g Fibra alimentaria 0.1g Proteínas 1.2g Sal 0.98g,No disponible,"(1,99 €/LITRO)"
Caldo natural de pollo Gallo brik 1 l,https://www.dia.es/conservas-caldos-y-cremas/cremas-y-caldos-liquidos/p/290596,https://www.dia.es/product_images/290596/290596_ISO_0_ES.jpg?imwidth=392,"1,99 €",Grasas 0.2g de las cuales saturadas 0.1g Hidratos de Carbono 0.2g de los cuales azúcares 0g Fibra alimentaria 0.1g Proteínas 1.2g Sal 0.86g,No disponible,"(1,99 €/LITRO)"
Crema de verduras Al Punto Dia frasco 500 ml,https://www.dia.es/conservas-caldos-y-cremas/cremas-y-caldos-liquidos/p/286077,https://www.dia.es/product_images/286077/286077_ISO_0_ES.jpg?imwidth=392,"2,59 €",Grasas 2.3g de las cuales saturadas 0.5g Hidratos de Carbono 3.3g de los cuales azúcares 0.9g Proteínas 1.2g Sal 0.9g,No disponible,"(5,29 €/LITRO)"
Crema de puerro y patata Knorr sobre 500 ml,https://www.dia.es/conservas-caldos-y-cremas/cremas-y-caldos-liquidos/p/261936,https://www.dia.es/product_images/261936/261936_ISO_0_ES.jpg?imwidth=392,"2,29 €",Grasas 2.7g de las cuales saturadas 1.6g Hidratos de Carbono 5.7g de los cuales azúcares 1g Fibra alimentaria 0.5g Proteínas 0.7g Sal 0.46g,No disponible,"(4,58 €/LITRO)"
Crema de verduras de la huerta Knorr sobre 500 ml,https://www.dia.es/conservas-caldos-y-cremas/cremas-y-caldos-liquidos/p/261934,https://www.dia.es/product_images/261934/261934_ISO_0_ES.jpg?imwidth=392,"2,29 €",Grasas 0.6g de las cuales saturadas 0.3g Hidratos de Carbono 12g de los cuales azúcares 3.5g Fibra alimentaria 1.9g Proteínas 1.4g Sal 1.7g,No disponible,"(4,58 €/LITRO)"
Crema de verduras mediterráneas Knorr caja 500 ml,https://www.dia.es/conservas-caldos-y-cremas/cremas-y-caldos-liquidos/p/261929,https://www.dia.es/product_images/261929/261929_ISO_0_ES.jpg?imwidth=392,"2,39 €",Grasas 1.8g de las cuales saturadas 0.2g Hidratos de Carbono 6.2g de los cuales azúcares 2g Fibra alimentaria 0.8g Proteínas 0.6g Sal 0.65g,No disponible,"(4,78 €/LITRO)"
Caldo casero de puchero Gallina Blanca brik 1 l,https://www.dia.es/conservas-caldos-y-cremas/cremas-y-caldos-liquidos/p/254973,https://www.dia.es/product_images/254973/254973_ISO_0_ES.jpg?imwidth=392,"2,20 €",Grasas 0.8g de las cuales saturadas 0.2g Hidratos de Carbono 0.4g de los cuales azúcares 0.2g Fibra alimentaria 0.1g Proteínas 0.6g Sal 0.85g,No disponible,"(2,20 €/LITRO)"
Crema casera de pollo con verduras Gallina Blanca brik 500 ml,https://www.dia.es/conservas-caldos-y-cremas/cremas-y-caldos-liquidos/p/250990,https://www.dia.es/product_images/250990/250990_ISO_0_ES.jpg?imwidth=392,"1,99 €",Grasas 2.7g de las cuales saturadas 0.7g Hidratos de Carbono 4.9g de los cuales azúcares 1.2g Fibra alimentaria 0.5g Proteínas 1.7g Sal 0.72g,No disponible,"(3,98 €/LITRO)"
Caldo natural de verduras Aneto brik 1 l,https://www.dia.es/conservas-caldos-y-cremas/cremas-y-caldos-liquidos/p/215721,https://www.dia.es/product_images/215721/215721_ISO_0_ES.jpg?imwidth=392,"3,95 €",Grasas 0.3g de las cuales saturadas 0.1g Hidratos de Carbono 0.5g de los cuales azúcares 0.1g Fibra alimentaria 0.2g Proteínas 0.2g Sal 0.8g,No disponible,"(3,95 €/LITRO)"
Caldo casero de verduras Gallina Blanca brik 1 l,https://www.dia.es/conservas-caldos-y-cremas/cremas-y-caldos-liquidos/p/189160,https://www.dia.es/product_images/189160/189160_ISO_0_ES.jpg?imwidth=392,"2,20 €",Grasas 0.2g de las cuales saturadas 0g Hidratos de Carbono 0.2g de los cuales azúcares 0.1g Fibra alimentaria 0g Proteínas 0.1g Sal 0.75g,No disponible,"(2,20 €/LITRO)"
Caldo gourmet de pescado con bogavante Gallina Blanca pack 2 x 1 l,https://www.dia.es/conservas-caldos-y-cremas/cremas-y-caldos-liquidos/p/180486,https://www.dia.es/product_images/180486/180486_ISO_0_ES.jpg?imwidth=392,"2,99 €",Grasas 0.2g de las cuales saturadas 0g Hidratos de Carbono 0.5g de los cuales azúcares 0.1g Fibra alimentaria 0g Proteínas 0.5g Sal 0.75g,No disponible,"(1,50 €/LITRO)"
Caldo casero de cocido 100% natural Gallina Blanca brik 1 l,https://www.dia.es/conservas-caldos-y-cremas/cremas-y-caldos-liquidos/p/150917,https://www.dia.es/product_images/150917/150917_ISO_0_ES.jpg?imwidth=392,"2,20 €",Grasas 0.3g de las cuales saturadas 0.1g Hidratos de Carbono 0.1g de los cuales azúcares 0g Fibra alimentaria 0g Proteínas 0.3g Sal 0.75g,No disponible,"(2,20 €/LITRO)"
Caldo de carne 100% natural Gallina Blanca brik 1 l,https://www.dia.es/conservas-caldos-y-cremas/cremas-y-caldos-liquidos/p/150916,https://www.dia.es/product_images/150916/150916_ISO_0_ES.jpg?imwidth=392,"2,20 €",Grasas 0.1g de las cuales saturadas 0g Hidratos de Carbono 0.1g de los cuales azúcares 0g Fibra alimentaria 0g Proteínas 0.3g Sal 0.75g,No disponible,"(2,20 €/LITRO)"
Caldo de pollo bajo en sal 100% natural Gallina Blanca brik 1 l,https://www.dia.es/conservas-caldos-y-cremas/cremas-y-caldos-liquidos/p/150915,https://www.dia.es/product_images/150915/150915_ISO_0_ES.jpg?imwidth=392,"2,20 €",Grasas 0.3g de las cuales saturadas 0.1g Hidratos de Carbono 0.2g de los cuales azúcares 0.1g Fibra alimentaria 0g Proteínas 0.4g Sal 0.26g,No disponible,"(2,20 €/LITRO)"
Caldo de pescado 100% natural Gallina Blanca brik 1 l,https://www.dia.es/conservas-caldos-y-cremas/cremas-y-caldos-liquidos/p/150914,https://www.dia.es/product_images/150914/150914_ISO_0_ES.jpg?imwidth=392,"2,20 €",Grasas 0.2g de las cuales saturadas 0g Hidratos de Carbono 0.5g de los cuales azúcares 0.1g Fibra alimentaria 0g Proteínas 0.5g Sal 0.75g,No disponible,"(2,20 €/LITRO)"
Barra de pan El molino de Dia bolsa 250 g,https://www.dia.es/panes-harinas-y-masas/pan-recien-horneado/p/38109,https://www.dia.es/product_images/38109/38109_ISO_0_ES.jpg?imwidth=392,"0,49 €",No disponible,No disponible,"(1,96 €/KILO)"
Hogaza El molino de Dia bolsa 350 g,https://www.dia.es/panes-harinas-y-masas/pan-recien-horneado/p/295264,https://www.dia.es/product_images/295264/295264_ISO_0_ES.jpg?imwidth=392,"0,99 €",No disponible,No disponible,"(2,83 €/KILO)"
Barra de pan de picos El molino de Dia bolsa 260 g,https://www.dia.es/panes-harinas-y-masas/pan-recien-horneado/p/121237,https://www.dia.es/product_images/121237/121237_ISO_0_ES.jpg?imwidth=392,"0,69 €",No disponible,No disponible,"(2,65 €/KILO)"
Barra de pan chapata El molino de Dia bolsa 300 g,https://www.dia.es/panes-harinas-y-masas/pan-recien-horneado/p/157982,https://www.dia.es/product_images/157982/157982_ISO_0_ES.jpg?imwidth=392,"0,66 €",No disponible,No disponible,"(2,20 €/KILO)"
Barra de pan integral 100% El molino de Dia bolsa 220 g,https://www.dia.es/panes-harinas-y-masas/pan-recien-horneado/p/57134,https://www.dia.es/product_images/57134/57134_ISO_0_ES.jpg?imwidth=392,"0,60 €",No disponible,No disponible,"(2,73 €/KILO)"
Barra de pan El molino de Dia bolsa 125 g,https://www.dia.es/panes-harinas-y-masas/pan-recien-horneado/p/169479,https://www.dia.es/product_images/169479/169479_ISO_0_ES.jpg?imwidth=392,"0,28 €",No disponible,No disponible,"(2,24 €/KILO)"
Barra de pan 8 cereales El molino de Dia bolsa 210 g,https://www.dia.es/panes-harinas-y-masas/pan-recien-horneado/p/209604,https://www.dia.es/product_images/209604/209604_ISO_0_ES.jpg?imwidth=392,"0,87 €",No disponible,No disponible,"(4,14 €/KILO)"
Pan de centeno 100% de masa madre El molino de Dia 450 g,https://www.dia.es/panes-harinas-y-masas/pan-recien-horneado/p/291563,https://www.dia.es/product_images/291563/291563_ISO_0_ES.jpg?imwidth=392,"0,99 €",No disponible,No disponible,"(2,20 €/KILO)"
Barra de pan baguette El molino de Dia bolsa 250 g,https://www.dia.es/panes-harinas-y-masas/pan-recien-horneado/p/40814,https://www.dia.es/product_images/40814/40814_ISO_0_ES.jpg?imwidth=392,"0,52 €",No disponible,No disponible,"(2,08 €/KILO)"
Barra de pan picado andaluz El molino de Dia bolsa 130 g,https://www.dia.es/panes-harinas-y-masas/pan-recien-horneado/p/117243,https://www.dia.es/product_images/117243/117243_ISO_0_ES.jpg?imwidth=392,"0,36 €",No disponible,No disponible,"(2,77 €/KILO)"
Barra de pan peregrina El molino de Dia bolsa 250 g,https://www.dia.es/panes-harinas-y-masas/pan-recien-horneado/p/66939,https://www.dia.es/product_images/66939/66939_ISO_0_ES.jpg?imwidth=392,"0,73 €",No disponible,No disponible,"(2,92 €/KILO)"
Pan candeal grande El molino de Dia bolsa 500 g,https://www.dia.es/panes-harinas-y-masas/pan-recien-horneado/p/185169,https://www.dia.es/product_images/185169/185169_ISO_0_ES.jpg?imwidth=392,"1,42 €",No disponible,No disponible,"(2,84 €/KILO)"
Barra de pan baguette con semillas La hornada Dia bolsa 250 g,https://www.dia.es/panes-harinas-y-masas/pan-recien-horneado/p/262566,https://www.dia.es/product_images/262566/262566_ISO_0_ES.jpg?imwidth=392,"0,91 €",No disponible,No disponible,"(3,64 €/KILO)"
Hogaza de maíz 20% de masa madre El molino de Dia bolsa 330 g,https://www.dia.es/panes-harinas-y-masas/pan-recien-horneado/p/300469,https://www.dia.es/product_images/300469/300469_ISO_0_ES.jpg?imwidth=392,"1,29 €",No disponible,No disponible,"(3,91 €/KILO)"
Pan viena integral (50%) El molino de Dia 80 g,https://www.dia.es/panes-harinas-y-masas/pan-recien-horneado/p/274757,https://www.dia.es/product_images/274757/274757_ISO_0_ES.jpg?imwidth=392,"0,26 €",No disponible,No disponible,"(3,25 €/KILO)"
Barra de pan premium El molino de Dia bolsa 430 g,https://www.dia.es/panes-harinas-y-masas/pan-recien-horneado/p/262556,https://www.dia.es/product_images/262556/262556_ISO_0_ES.jpg?imwidth=392,"0,91 €",No disponible,No disponible,"(2,12 €/KILO)"
Barra de pan espiga 270 g,https://www.dia.es/panes-harinas-y-masas/pan-recien-horneado/p/287216,https://www.dia.es/product_images/287216/287216_ISO_0_ES.jpg?imwidth=392,"0,77 €",No disponible,No disponible,"(2,85 €/KILO)"
Pan fuente de calcio y vitamina D3 El molino de Dia 110 g,https://www.dia.es/panes-harinas-y-masas/pan-recien-horneado/p/249505,https://www.dia.es/product_images/249505/249505_ISO_0_ES.jpg?imwidth=392,"0,40 €",No disponible,No disponible,"(3,64 €/KILO)"
Pan de horno de piedra El molino de Dia 600 g,https://www.dia.es/panes-harinas-y-masas/pan-recien-horneado/p/284801,https://www.dia.es/product_images/284801/284801_ISO_0_ES.jpg?imwidth=392,"1,42 €",No disponible,No disponible,"(2,37 €/KILO)"
Panecillo con quinoa El molino de Dia 100 g,https://www.dia.es/panes-harinas-y-masas/pan-recien-horneado/p/244719,https://www.dia.es/product_images/244719/244719_ISO_0_ES.jpg?imwidth=392,"0,45 €",No disponible,No disponible,"(4,50 €/KILO)"
Pan de molde formato familiar El molino de Dia bolsa 820 g,https://www.dia.es/panes-harinas-y-masas/pan-de-molde-perritos-y-hamburguesas/p/77955,https://www.dia.es/product_images/77955/77955_ISO_0_ES.jpg?imwidth=392,"1,25 €",Grasas 2.5g de las cuales saturadas 0.5g Hidratos de Carbono 45g de los cuales azúcares 3.8g Fibra alimentaria 3.1g Proteínas 9.2g Sal 1g,No disponible,"(1,52 €/KILO)"
Pan de hamburguesa maxi El molino de Dia bolsa 300 g,https://www.dia.es/panes-harinas-y-masas/pan-de-molde-perritos-y-hamburguesas/p/182644,https://www.dia.es/product_images/182644/182644_ISO_0_ES.jpg?imwidth=392,"0,90 €",Grasas 4.9g de las cuales saturadas 0.9g Hidratos de Carbono 47g de los cuales azúcares 4.7g Fibra alimentaria 3.2g Proteínas 9.7g Sal 1.3g,No disponible,"(3,00 €/KILO)"
Pan de molde blanco sin corteza El molino de Dia bolsa 450 g,https://www.dia.es/panes-harinas-y-masas/pan-de-molde-perritos-y-hamburguesas/p/48666,https://www.dia.es/product_images/48666/48666_ISO_0_ES.jpg?imwidth=392,"1,20 €",Grasas 3.3g de las cuales saturadas 0.5g Hidratos de Carbono 44.5g de los cuales azúcares 8g Fibra alimentaria 4.5g Proteínas 8.3g Sal 0.93g,No disponible,"(2,67 €/KILO)"
Pan de molde formato familiar Bimbo bolsa 700 g,https://www.dia.es/panes-harinas-y-masas/pan-de-molde-perritos-y-hamburguesas/p/29778,https://www.dia.es/product_images/29778/29778_ISO_0_ES.jpg?imwidth=392,"2,35 €",Grasas 2.7g de las cuales saturadas 0.5g de las cuales monoinsaturadas 0.8g de las cuales poliinsaturadas 1.4g Hidratos de Carbono 45g de los cuales azúcares 3.8g Fibra alimentaria 4.7g Proteínas 9.8g Sal 1.1g Almidón 41g,No disponible,"(3,36 €/KILO)"
Tortillas trigo Al Punto Dia bolsa 320 g,https://www.dia.es/panes-harinas-y-masas/pan-de-molde-perritos-y-hamburguesas/p/13356,https://www.dia.es/product_images/13356/13356_ISO_0_ES.jpg?imwidth=392,"1,07 €",Grasas 0.5g de las cuales saturadas 0.1g Hidratos de Carbono 11.1g de los cuales azúcares 5.2g Proteínas 1.5g Sal 2.41g,No disponible,"(3,34 €/KILO)"
Pan de hamburguesas Bimbo bolsa 300 g,https://www.dia.es/panes-harinas-y-masas/pan-de-molde-perritos-y-hamburguesas/p/66255,https://www.dia.es/product_images/66255/66255_ISO_0_ES.jpg?imwidth=392,"2,39 €",Grasas 4.8g de las cuales saturadas 1.6g de las cuales monoinsaturadas 2.1g de las cuales poliinsaturadas 1g Hidratos de Carbono 45g de los cuales azúcares 5.2g Fibra alimentaria 3g Proteínas 9.4g Sal 1.2g Almidón 40g,No disponible,"(7,97 €/KILO)"
Pan de hamburguesa brioche El molino de Dia bolsa 300 g,https://www.dia.es/panes-harinas-y-masas/pan-de-molde-perritos-y-hamburguesas/p/297060,https://www.dia.es/product_images/297060/297060_ISO_0_ES.jpg?imwidth=392,"1,69 €",Grasas 10.4g de las cuales saturadas 1.4g Hidratos de Carbono 47g de los cuales azúcares 8.5g Proteínas 8.2g Sal 0.78g,No disponible,"(5,63 €/KILO)"
Panecillos para perritos El molino de Dia bolsa 330 g,https://www.dia.es/panes-harinas-y-masas/pan-de-molde-perritos-y-hamburguesas/p/40381,https://www.dia.es/product_images/40381/40381_ISO_0_ES.jpg?imwidth=392,"0,95 €",Grasas 4.3g de las cuales saturadas 0.8g Hidratos de Carbono 48g de los cuales azúcares 4.5g Fibra alimentaria 3.8g Proteínas 9.2g Sal 1.3g,No disponible,"(2,88 €/KILO)"
Pan de molde blanco El molino de Dia bolsa 460 g,https://www.dia.es/panes-harinas-y-masas/pan-de-molde-perritos-y-hamburguesas/p/266137,https://www.dia.es/product_images/266137/266137_ISO_0_ES.jpg?imwidth=392,"0,85 €",Grasas 2.8g de las cuales saturadas 0.5g Hidratos de Carbono 47g de los cuales azúcares 2.4g Fibra alimentaria 2.7g Proteínas 9.3g Sal 1g,No disponible,"(1,85 €/KILO)"
Pan de molde 100% integral familiar El molino de Dia bolsa 820 g,https://www.dia.es/panes-harinas-y-masas/pan-de-molde-perritos-y-hamburguesas/p/266075,https://www.dia.es/product_images/266075/266075_ISO_0_ES.jpg?imwidth=392,"1,25 €",Grasas 2.2g de las cuales saturadas 0.3g Hidratos de Carbono 49.3g de los cuales azúcares 3g Fibra alimentaria 5.4g Proteínas 8.8g Sal 1.1g,No disponible,"(1,52 €/KILO)"
Pan de molde 100% integral El molino de Dia bolsa 460 g,https://www.dia.es/panes-harinas-y-masas/pan-de-molde-perritos-y-hamburguesas/p/266136,https://www.dia.es/product_images/266136/266136_ISO_0_ES.jpg?imwidth=392,"0,95 €",Grasas 3.9g de las cuales saturadas 0.7g Hidratos de Carbono 39g de los cuales azúcares 5.5g Fibra alimentaria 9.4g Proteínas 10g Sal 1g,No disponible,"(2,07 €/KILO)"
Pan de molde 100% integral sin corteza El molino de Dia bolsa 450 g,https://www.dia.es/panes-harinas-y-masas/pan-de-molde-perritos-y-hamburguesas/p/74397,https://www.dia.es/product_images/74397/74397_ISO_0_ES.jpg?imwidth=392,"1,29 €",Grasas 4.2g de las cuales saturadas 0.5g Hidratos de Carbono 41.2g de los cuales azúcares 6.1g Fibra alimentaria 4.9g Proteínas 9g Sal 0.92g,No disponible,"(2,87 €/KILO)"
Hogaza de centeno y avena El molino de Dia bolsa 500 g,https://www.dia.es/panes-harinas-y-masas/pan-de-molde-perritos-y-hamburguesas/p/210479,https://www.dia.es/product_images/210479/210479_ISO_0_ES.jpg?imwidth=392,"2,05 €",Grasas 2.9g de las cuales saturadas 0.5g Hidratos de Carbono 53.3g de los cuales azúcares 3.5g Fibra alimentaria 7.3g Proteínas 8.2g Sal 1.26g,No disponible,"(4,10 €/KILO)"
Hogaza con pipas de calabaza El molino de Dia bolsa 500 g,https://www.dia.es/panes-harinas-y-masas/pan-de-molde-perritos-y-hamburguesas/p/210477,https://www.dia.es/product_images/210477/210477_ISO_0_ES.jpg?imwidth=392,"2,05 €",Grasas 4.8g de las cuales saturadas 1.4g Hidratos de Carbono 46.8g de los cuales azúcares 4.1g Fibra alimentaria 5.2g Proteínas 10.7g Sal 1.32g,No disponible,"(4,10 €/KILO)"
Pan hot dog rústico El molino de Dia bolsa 330 g,https://www.dia.es/panes-harinas-y-masas/pan-de-molde-perritos-y-hamburguesas/p/297059,https://www.dia.es/product_images/297059/297059_ISO_0_ES.jpg?imwidth=392,"1,39 €",Grasas 5.6g de las cuales saturadas 0.8g Hidratos de Carbono 45g de los cuales azúcares 4.8g Proteínas 9.1g Sal 0.92g,No disponible,"(4,21 €/KILO)"
Tortilla integral Al Punto Dia bolsa 320 g,https://www.dia.es/panes-harinas-y-masas/pan-de-molde-perritos-y-hamburguesas/p/285410,https://www.dia.es/product_images/285410/285410_ISO_0_ES.jpg?imwidth=392,"1,47 €",No disponible,No disponible,"(4,59 €/KILO)"
Pan de molde especial tostadas El molino de Dia bolsa 820 g,https://www.dia.es/panes-harinas-y-masas/pan-de-molde-perritos-y-hamburguesas/p/266120,https://www.dia.es/product_images/266120/266120_ISO_0_ES.jpg?imwidth=392,"1,79 €",Grasas 1.3g de las cuales saturadas 0.2g Hidratos de Carbono 46g de los cuales azúcares 3g Fibra alimentaria 2.9g Proteínas 8.2g Sal 1g,No disponible,"(2,18 €/KILO)"
Pan de molde rústico El molino de Dia bolsa 600 g,https://www.dia.es/panes-harinas-y-masas/pan-de-molde-perritos-y-hamburguesas/p/67431,https://www.dia.es/product_images/67431/67431_ISO_0_ES.jpg?imwidth=392,"1,75 €",Grasas 3.4g de las cuales saturadas 0.9g Hidratos de Carbono 51.2g de los cuales azúcares 3.9g Fibra alimentaria 3.9g Proteínas 9.5g Sal 1.3g,No disponible,"(2,92 €/KILO)"
Pan de molde alto en proteínas El molino de Dia bolsa 400 g,https://www.dia.es/panes-harinas-y-masas/pan-de-molde-perritos-y-hamburguesas/p/297061,https://www.dia.es/product_images/297061/297061_ISO_0_ES.jpg?imwidth=392,"2,19 €",Grasas 10.3g de las cuales saturadas 1g Hidratos de Carbono 23.2g de los cuales azúcares 1.2g Fibra alimentaria 8g Proteínas 20.8g Sal 0.9g,No disponible,"(5,48 €/KILO)"
Pan de hamburguesa El molino de Dia bolsa 220 g,https://www.dia.es/panes-harinas-y-masas/pan-de-molde-perritos-y-hamburguesas/p/40380,https://www.dia.es/product_images/40380/40380_ISO_0_ES.jpg?imwidth=392,"0,99 €",Grasas 4.7g de las cuales saturadas 0.8g Hidratos de Carbono 47g de los cuales azúcares 7.2g Fibra alimentaria 3.1g Proteínas 9.7g Sal 1.4g,No disponible,"(4,50 €/KILO)"
Regañás con aceite de oliva virgen extra El molino de Dia bolsa 150 g,https://www.dia.es/panes-harinas-y-masas/picos-y-panes-tostados/p/166048,https://www.dia.es/product_images/166048/166048_ISO_0_ES.jpg?imwidth=392,"1,00 €",Grasas 14.8g de las cuales saturadas 2.3g Hidratos de Carbono 61.4g de los cuales azúcares 1.1g Fibra alimentaria 4g Proteínas 11.4g Sal 1.43g,No disponible,"(6,67 €/KILO)"
Picos de pan El molino de Dia bolsa 250 g,https://www.dia.es/panes-harinas-y-masas/picos-y-panes-tostados/p/5528,https://www.dia.es/product_images/5528/5528_ISO_0_ES.jpg?imwidth=392,"0,85 €",Grasas 2.7g de las cuales saturadas 0.4g Hidratos de Carbono 80.6g de los cuales azúcares 2.5g Fibra alimentaria 3.2g Proteínas 11.5g Sal 1.78g,No disponible,"(3,40 €/KILO)"
Biscotes El molino de Dia bolsa 540 g,https://www.dia.es/panes-harinas-y-masas/picos-y-panes-tostados/p/279208,https://www.dia.es/product_images/279208/279208_ISO_0_ES.jpg?imwidth=392,"1,95 €",Grasas 4.8g de las cuales saturadas 0.6g Hidratos de Carbono 73g de los cuales azúcares 8g Fibra alimentaria 9g Proteínas 11g Sal 1.2g,No disponible,"(3,61 €/KILO)"
Picos integrales El molino de Dia bolsa 250 g,https://www.dia.es/panes-harinas-y-masas/picos-y-panes-tostados/p/59304,https://www.dia.es/product_images/59304/59304_ISO_0_ES.jpg?imwidth=392,"0,85 €",Grasas 2.7g de las cuales saturadas 0.4g Hidratos de Carbono 80.6g de los cuales azúcares 2.5g Fibra alimentaria 4.8g Proteínas 11.5g Sal 1.78g,No disponible,"(3,40 €/KILO)"
Palitos de pan con pipas Naturmundo de Dia bolsa 90 g,https://www.dia.es/panes-harinas-y-masas/picos-y-panes-tostados/p/277709,https://www.dia.es/product_images/277709/277709_ISO_0_ES.jpg?imwidth=392,"0,79 €",Grasas 27g de las cuales saturadas 3.1g Hidratos de Carbono 49g de los cuales azúcares 1g Proteínas 11g Sal 1.8g,No disponible,"(8,78 €/KILO)"
Biscotes integrales El molino de Dia bolsa 540 g,https://www.dia.es/panes-harinas-y-masas/picos-y-panes-tostados/p/279209,https://www.dia.es/product_images/279209/279209_ISO_0_ES.jpg?imwidth=392,"1,99 €",Grasas 6g de las cuales saturadas 0.7g Hidratos de Carbono 63g de los cuales azúcares 5g Fibra alimentaria 8.9g Proteínas 15g Sal 1.1g,No disponible,"(3,69 €/KILO)"
Picos camperos El molino de Dia bolsa 250 g,https://www.dia.es/panes-harinas-y-masas/picos-y-panes-tostados/p/221636,https://www.dia.es/product_images/221636/221636_ISO_0_ES.jpg?imwidth=392,"0,99 €",Grasas 5.3g de las cuales saturadas 0.8g Hidratos de Carbono 71.8g de los cuales azúcares 3.3g Proteínas 11.5g Sal 1.9g,No disponible,"(3,96 €/KILO)"
Cóctel de picos El molino de Dia bolsa 250 g,https://www.dia.es/panes-harinas-y-masas/picos-y-panes-tostados/p/271976,https://www.dia.es/product_images/271976/271976_ISO_0_ES.jpg?imwidth=392,"1,25 €",Grasas 5.3g de las cuales saturadas 0.8g Hidratos de Carbono 71.8g de los cuales azúcares 3.3g Proteínas 11.5g Sal 0.01g,No disponible,"(5,00 €/KILO)"
Panecillos tostados con tomate y orégano El molino de Dia bolsa 160 g,https://www.dia.es/panes-harinas-y-masas/picos-y-panes-tostados/p/135902,https://www.dia.es/product_images/135902/135902_ISO_0_ES.jpg?imwidth=392,"1,18 €",Grasas 23g de las cuales saturadas 2.2g Hidratos de Carbono 59g de los cuales azúcares 5.4g Proteínas 8.1g Sal 0.95g,No disponible,"(7,38 €/KILO)"
Picos rústicos con aceite de oliva El molino de Dia bolsa 130 g,https://www.dia.es/panes-harinas-y-masas/picos-y-panes-tostados/p/271977,https://www.dia.es/product_images/271977/271977_ISO_0_ES.jpg?imwidth=392,"1,59 €",Grasas 3.3g de las cuales saturadas 0.6g Hidratos de Carbono 75.8g de los cuales azúcares 2.5g Fibra alimentaria 3.4g Proteínas 12.3g Sal 2.44g,No disponible,"(12,23 €/KILO)"
Picatostes fritos El molino de Dia bolsa 75 g,https://www.dia.es/panes-harinas-y-masas/picos-y-panes-tostados/p/60049,https://www.dia.es/product_images/60049/60049_ISO_0_ES.jpg?imwidth=392,"0,79 €",Grasas 21g de las cuales saturadas 1.8g Hidratos de Carbono 57g de los cuales azúcares 3.5g Proteínas 12g Sal 1.2g,No disponible,"(10,53 €/KILO)"
Panecillo 100% integral El molino de Dia bolsa 225 g,https://www.dia.es/panes-harinas-y-masas/picos-y-panes-tostados/p/1141,https://www.dia.es/product_images/1141/1141_ISO_0_ES.jpg?imwidth=392,"0,83 €",Grasas 12g de las cuales saturadas 1g Hidratos de Carbono 61g de los cuales azúcares 3.9g Proteínas 11g Sal 1.3g,No disponible,"(3,69 €/KILO)"
Regañás El molino de Dia bolsa 250 g,https://www.dia.es/panes-harinas-y-masas/picos-y-panes-tostados/p/273116,https://www.dia.es/product_images/273116/273116_ISO_0_ES.jpg?imwidth=392,"1,09 €",Grasas 4.85g de las cuales saturadas 0.9g Hidratos de Carbono 77.4g de los cuales azúcares 2.2g Fibra alimentaria 3g Proteínas 11.35g Sal 2.55g,No disponible,"(4,36 €/KILO)"
Mini biscotes El molino de Dia bolsa 240 g,https://www.dia.es/panes-harinas-y-masas/picos-y-panes-tostados/p/279210,https://www.dia.es/product_images/279210/279210_ISO_0_ES.jpg?imwidth=392,"1,69 €",Grasas 7.1g de las cuales saturadas 1g Hidratos de Carbono 70g de los cuales azúcares 4.9g Proteínas 11g Sal 1g,No disponible,"(7,04 €/KILO)"
Panecillos tostados con ajo y perejil El molino de Dia bolsa 160 g,https://www.dia.es/panes-harinas-y-masas/picos-y-panes-tostados/p/135901,https://www.dia.es/product_images/135901/135901_ISO_0_ES.jpg?imwidth=392,"1,18 €",Grasas 23g de las cuales saturadas 2.6g Hidratos de Carbono 23g de los cuales azúcares 2.6g Proteínas 8.3g Sal 1.1g,No disponible,"(7,38 €/KILO)"
Panecillos tostados El molino de Dia bolsa 225 g,https://www.dia.es/panes-harinas-y-masas/picos-y-panes-tostados/p/277675,https://www.dia.es/product_images/277675/277675_ISO_0_ES.jpg?imwidth=392,"0,79 €",Grasas 11g de las cuales saturadas 1.1g Hidratos de Carbono 70g de los cuales azúcares 4.7g Fibra alimentaria 3g Proteínas 9.6g Sal 1.1g,No disponible,"(3,51 €/KILO)"
Pan tostado normal El molino de Dia bolsa 270 g,https://www.dia.es/panes-harinas-y-masas/picos-y-panes-tostados/p/5386,https://www.dia.es/product_images/5386/5386_ISO_0_ES.jpg?imwidth=392,"1,05 €",Grasas 4g de las cuales saturadas 0.5g Hidratos de Carbono 72g de los cuales azúcares 4.5g Proteínas 12g Sal 1.2g,No disponible,"(3,89 €/KILO)"
Grissinis finos Selección Mundial de Dia bolsa 250 g,https://www.dia.es/panes-harinas-y-masas/picos-y-panes-tostados/p/207097,https://www.dia.es/product_images/207097/207097_ISO_0_ES.jpg?imwidth=392,"1,88 €",Grasas 8.7g de las cuales saturadas 3.4g Hidratos de Carbono 72g de los cuales azúcares 2.8g Fibra alimentaria 3g Proteínas 13g Sal 1.9g,No disponible,"(7,52 €/KILO)"
Mini tostas El molino de Dia caja 100 g,https://www.dia.es/panes-harinas-y-masas/picos-y-panes-tostados/p/50754,https://www.dia.es/product_images/50754/50754_ISO_0_ES.jpg?imwidth=392,"1,35 €",Grasas 2.6g de las cuales saturadas 1.3g Hidratos de Carbono 78g de los cuales azúcares 3.2g Proteínas 11g Sal 2g,No disponible,"(13,50 €/KILO)"
Pan tostado integral El molino de Dia bolsa 270 g,https://www.dia.es/panes-harinas-y-masas/picos-y-panes-tostados/p/5387,https://www.dia.es/product_images/5387/5387_ISO_0_ES.jpg?imwidth=392,"1,45 €",Grasas 5.6g de las cuales saturadas 0.7g Hidratos de Carbono 59g de los cuales azúcares 3.8g Fibra alimentaria 14g Proteínas 14g Sal 0.92g,No disponible,"(5,37 €/KILO)"
Pan rallado Onena bolsa 750 g,https://www.dia.es/panes-harinas-y-masas/pan-rallado/p/303607,https://www.dia.es/product_images/303607/303607_ISO_0_ES.jpg?imwidth=392,"0,99 €",No disponible,No disponible,"(1,32 €/KILO)"
Pan rallado ajo y perejil Onena paquete 500 g,https://www.dia.es/panes-harinas-y-masas/pan-rallado/p/303608,https://www.dia.es/product_images/303608/303608_ISO_0_ES.jpg?imwidth=392,"1,05 €",No disponible,No disponible,"(2,10 €/KILO)"
Preparado para rebozar crujiente sin gluten Esgir bolsa 200 g,https://www.dia.es/panes-harinas-y-masas/pan-rallado/p/162439,https://www.dia.es/product_images/162439/162439_ISO_0_ES.jpg?imwidth=392,"1,75 €",Grasas 1g de las cuales saturadas 0.19g Hidratos de Carbono 83.5g de los cuales azúcares 2.8g Proteínas 6.4g Sal 2.2g,No disponible,"(8,75 €/KILO)"
Pan rallado sin gluten Panceliac bolsa 400 g,https://www.dia.es/panes-harinas-y-masas/pan-rallado/p/302131,https://www.dia.es/product_images/302131/302131_ISO_0_ES.jpg?imwidth=392,"2,69 €",Grasas 2.41g de las cuales saturadas 0.42g Hidratos de Carbono 81g de los cuales azúcares 2.4g Proteínas 3.8g Sal 2.8g,No disponible,"(6,73 €/KILO)"
Harina de trigo El molino de Dia paquete 1 Kg,https://www.dia.es/panes-harinas-y-masas/harinas-y-levaduras/p/505,https://www.dia.es/product_images/505/505_ISO_0_ES.jpg?imwidth=392,"0,71 €",Grasas 1g de las cuales saturadas 0g Hidratos de Carbono 72g de los cuales azúcares 2.2g Proteínas 10g Sal 0g,No disponible,"(0,71 €/KILO)"
Harina de fuerza El molino de Dia paquete 1 Kg,https://www.dia.es/panes-harinas-y-masas/harinas-y-levaduras/p/207695,https://www.dia.es/product_images/207695/207695_ISO_0_ES.jpg?imwidth=392,"0,92 €",Grasas 1.3g de las cuales saturadas 0.3g Hidratos de Carbono 71g de los cuales azúcares 2g Proteínas 12g Sal 0g,No disponible,"(0,92 €/KILO)"
Levadura en polvo Delimagic de Dia sobre 90 g,https://www.dia.es/panes-harinas-y-masas/harinas-y-levaduras/p/197503,https://www.dia.es/product_images/197503/197503_ISO_0_ES.jpg?imwidth=392,"0,69 €",Grasas 0.1g de las cuales saturadas 0g Hidratos de Carbono 21.5g de los cuales azúcares 0g Proteínas 0.1g Sal 44.68g,No disponible,"(7,67 €/KILO)"
Levadura fresca Levanova 2 x 25 g,https://www.dia.es/panes-harinas-y-masas/harinas-y-levaduras/p/247514,https://www.dia.es/product_images/247514/247514_ISO_0_ES.jpg?imwidth=392,"0,49 €",Grasas 6g de las cuales saturadas 0g Hidratos de Carbono 40g de los cuales azúcares 25g Proteínas 43g Sal 0g,No disponible,"(9,80 €/KILO)"
Harina 100% de maíz blanco Pan bolsa 1 Kg,https://www.dia.es/panes-harinas-y-masas/harinas-y-levaduras/p/161360,https://www.dia.es/product_images/161360/161360_ISO_0_ES.jpg?imwidth=392,"2,54 €",Grasas 1.89g de las cuales saturadas 0.38g Hidratos de Carbono 80.07g de los cuales azúcares 0g Fibra alimentaria 5.34g Proteínas 7.21g Sal 0.02g,No disponible,"(2,54 €/KILO)"
Preparado para hornear en polvo Royal caja 96 g,https://www.dia.es/panes-harinas-y-masas/harinas-y-levaduras/p/142625,https://www.dia.es/product_images/142625/142625_ISO_0_ES.jpg?imwidth=392,"2,69 €",No disponible,No disponible,"(28,02 €/KILO)"
Harina de maíz Maizena caja 400 g,https://www.dia.es/panes-harinas-y-masas/harinas-y-levaduras/p/132110,https://www.dia.es/product_images/132110/132110_ISO_0_ES.jpg?imwidth=392,"2,99 €",Grasas 0.5g de las cuales saturadas 0.1g Hidratos de Carbono 86g de los cuales azúcares 0g Fibra alimentaria 1g Proteínas 0.5g Sal 0.01g,No disponible,"(7,48 €/KILO)"
Harina de bizcocho Gallo paquete 1 Kg,https://www.dia.es/panes-harinas-y-masas/harinas-y-levaduras/p/216391,https://www.dia.es/product_images/216391/216391_ISO_0_ES.jpg?imwidth=392,"1,79 €",Grasas 1.5g de las cuales saturadas 0.3g Hidratos de Carbono 72g de los cuales azúcares 1.1g Proteínas 9g Sal 2g,No disponible,"(1,79 €/KILO)"
Harina de repostería El molino de Dia paquete 1 Kg,https://www.dia.es/panes-harinas-y-masas/harinas-y-levaduras/p/303736,https://www.dia.es/product_images/303736/303736_ISO_0_ES.jpg?imwidth=392,"1,07 €",Grasas 1.7g de las cuales saturadas 0.3g Hidratos de Carbono 72g de los cuales azúcares 0.9g Fibra alimentaria 3.8g Proteínas 12g Sal 0.01g,No disponible,"(1,07 €/KILO)"
Levadura de panadería Maizena caja 28 g,https://www.dia.es/panes-harinas-y-masas/harinas-y-levaduras/p/164944,https://www.dia.es/product_images/164944/164944_ISO_0_ES.jpg?imwidth=392,"1,99 €",Grasas 5.7g de las cuales saturadas 0.9g Hidratos de Carbono 19g de los cuales azúcares 14g Fibra alimentaria 27g Proteínas 44g Sal 0.3g,No disponible,"(71,07 €/KILO)"
Harina de trigo 100% integral El molino de Dia paquete 1 Kg,https://www.dia.es/panes-harinas-y-masas/harinas-y-levaduras/p/303732,https://www.dia.es/product_images/303732/303732_ISO_0_ES.jpg?imwidth=392,"0,81 €",Grasas 3.8g de las cuales saturadas 0.7g Hidratos de Carbono 57g de los cuales azúcares 2.2g Fibra alimentaria 15g Proteínas 12g Sal 0.01g,No disponible,"(0,81 €/KILO)"
Levadura de panadería Royal caja 27.5 g,https://www.dia.es/panes-harinas-y-masas/harinas-y-levaduras/p/167940,https://www.dia.es/product_images/167940/167940_ISO_0_ES.jpg?imwidth=392,"2,19 €",Grasas 6g de las cuales saturadas 5.4g Hidratos de Carbono 40g de los cuales azúcares 0.1g Fibra alimentaria 15g Proteínas 45g Sal 0.13g,No disponible,"(79,64 €/KILO)"
Harina de trigo Gallo paquete 1 Kg,https://www.dia.es/panes-harinas-y-masas/harinas-y-levaduras/p/130618,https://www.dia.es/product_images/130618/130618_ISO_0_ES.jpg?imwidth=392,"1,42 €",Grasas 1.2g de las cuales saturadas 0.2g Hidratos de Carbono 75g de los cuales azúcares 1.3g Proteínas 9g Sal 0.03g,No disponible,"(1,42 €/KILO)"
Harina integral de trigo Gallo paquete 1 Kg,https://www.dia.es/panes-harinas-y-masas/harinas-y-levaduras/p/190027,https://www.dia.es/product_images/190027/190027_ISO_0_ES.jpg?imwidth=392,"1,66 €",Grasas 1.8g de las cuales saturadas 0.7g Hidratos de Carbono 62g de los cuales azúcares 1.4g Fibra alimentaria 9g Proteínas 12g Sal 0.03g,No disponible,"(1,66 €/KILO)"
Harina de espelta 100% integral El molino de Dia paquete 1 Kg,https://www.dia.es/panes-harinas-y-masas/harinas-y-levaduras/p/303735,https://www.dia.es/product_images/303735/303735_ISO_0_ES.jpg?imwidth=392,"1,42 €",Grasas 1.3g de las cuales saturadas 0.3g Hidratos de Carbono 69.1g de los cuales azúcares 2.6g Fibra alimentaria 7.7g Proteínas 10g Sal 0.01g,No disponible,"(1,42 €/KILO)"
Harina de trigo para repostería Gallo paquete 1 Kg,https://www.dia.es/panes-harinas-y-masas/harinas-y-levaduras/p/163262,https://www.dia.es/product_images/163262/163262_ISO_0_ES.jpg?imwidth=392,"1,66 €",Grasas 2g de las cuales saturadas 0.7g Hidratos de Carbono 75g de los cuales azúcares 4g Proteínas 10g Sal 0.03g,No disponible,"(1,66 €/KILO)"
Harina de trigo especial frituras El molino de Dia paquete 1 Kg,https://www.dia.es/panes-harinas-y-masas/harinas-y-levaduras/p/303737,https://www.dia.es/product_images/303737/303737_ISO_0_ES.jpg?imwidth=392,"1,19 €",Grasas 0.9g de las cuales saturadas 0.2g Hidratos de Carbono 75.2g de los cuales azúcares 1.4g Proteínas 9.8g Sal 0.01g,No disponible,"(1,19 €/KILO)"
Harina multiusos sin gluten Natur Dacsa bolsa 1 Kg,https://www.dia.es/panes-harinas-y-masas/harinas-y-levaduras/p/288064,https://www.dia.es/product_images/288064/288064_ISO_0_ES.jpg?imwidth=392,"3,95 €",Grasas 0.5g de las cuales saturadas 0.1g Hidratos de Carbono 83g de los cuales azúcares 0.5g Fibra alimentaria 1.7g Proteínas 2.9g Sal 0.04g,No disponible,"(3,95 €/KILO)"
Harina mix sin gluten Gallo caja 500 g,https://www.dia.es/panes-harinas-y-masas/harinas-y-levaduras/p/292171,https://www.dia.es/product_images/292171/292171_ISO_0_ES.jpg?imwidth=392,"3,10 €",Grasas 0.6g de las cuales saturadas 0.2g Hidratos de Carbono 73g de los cuales azúcares 2.5g Fibra alimentaria 4.3g Proteínas 4.4g Sal 2.6g,No disponible,"(6,20 €/KILO)"
Masa fina para pizza Al Punto Dia bolsa 260 g,https://www.dia.es/panes-harinas-y-masas/masas-y-hojaldres/p/224127,https://www.dia.es/product_images/224127/224127_ISO_0_ES.jpg?imwidth=392,"1,00 €",Grasas 6.7g de las cuales saturadas 0.6g Hidratos de Carbono 46.1g de los cuales azúcares 0.9g Proteínas 7.2g Sal 1.9g Calcio 408mg,No disponible,"(3,85 €/KILO)"
Masa de hojaldre Al Punto Dia bolsa 230 g,https://www.dia.es/panes-harinas-y-masas/masas-y-hojaldres/p/127848,https://www.dia.es/product_images/127848/127848_ISO_0_ES.jpg?imwidth=392,"1,00 €",Grasas 23.4g de las cuales saturadas 10.7g Hidratos de Carbono 36.5g de los cuales azúcares 0.8g Proteínas 5.9g Sal 0.96g,No disponible,"(4,35 €/KILO)"
Masa quebrada Al Punto Dia bolsa 230 g,https://www.dia.es/panes-harinas-y-masas/masas-y-hojaldres/p/127851,https://www.dia.es/product_images/127851/127851_ISO_0_ES.jpg?imwidth=392,"1,29 €",Grasas 23.3g de las cuales saturadas 10.7g Hidratos de Carbono 41.2g de los cuales azúcares 2.8g Proteínas 6.3g Sal 0.93g,No disponible,"(5,61 €/KILO)"
Masa hojaldre Casa Tarradellas bandeja 260 g,https://www.dia.es/panes-harinas-y-masas/masas-y-hojaldres/p/167559,https://www.dia.es/product_images/167559/167559_ISO_0_ES.jpg?imwidth=392,"1,35 €",Grasas 21.5g de las cuales saturadas 10.5g Hidratos de Carbono 42g de los cuales azúcares 1.4g Proteínas 7.1g Sal 1g,No disponible,"(5,19 €/KILO)"
Masa fina para pizza Casa Tarradellas bandeja 260 g,https://www.dia.es/panes-harinas-y-masas/masas-y-hojaldres/p/151018,https://www.dia.es/product_images/151018/151018_ISO_0_ES.jpg?imwidth=392,"1,35 €",Grasas 4.2g de las cuales saturadas 0.7g Hidratos de Carbono 49.5g de los cuales azúcares 3.6g Proteínas 8.6g Sal 1.5g,No disponible,"(5,19 €/KILO)"
Masa de hojaldre rectangular Buitoni 230 g,https://www.dia.es/panes-harinas-y-masas/masas-y-hojaldres/p/190216,https://www.dia.es/product_images/190216/190216_ISO_0_ES.jpg?imwidth=392,"1,99 €",Grasas 22.3g de las cuales saturadas 8.7g Hidratos de Carbono 37.2g de los cuales azúcares 1.5g Fibra alimentaria 2.1g Proteínas 7.3g Sal 1.1g,No disponible,"(8,65 €/KILO)"
Masa para pizza finíssima redonda Buitoni bolsa 230 g,https://www.dia.es/panes-harinas-y-masas/masas-y-hojaldres/p/189667,https://www.dia.es/product_images/189667/189667_ISO_0_ES.jpg?imwidth=392,"1,99 €",Grasas 5.5g de las cuales saturadas 0.4g Hidratos de Carbono 46.3g de los cuales azúcares 2g Fibra alimentaria 2.6g Proteínas 8.6g Sal 1.5g,No disponible,"(8,65 €/KILO)"
Preparado de tortitas americanas Mary Lee bolsa 156 g,https://www.dia.es/panes-harinas-y-masas/preparados-para-postres/p/140701,https://www.dia.es/product_images/140701/140701_ISO_0_ES.jpg?imwidth=392,"1,75 €",Grasas 2.5g de las cuales saturadas 0g Hidratos de Carbono 73.3g de los cuales azúcares 11.7g Proteínas 8.3g Sal 2.6g,No disponible,"(11,22 €/KILO)"
Preparado para crepes Delimagic de Dia frasco 200 g,https://www.dia.es/panes-harinas-y-masas/preparados-para-postres/p/106037,https://www.dia.es/product_images/106037/106037_ISO_0_ES.jpg?imwidth=392,"1,99 €",Grasas 2g de las cuales saturadas 0.5g Hidratos de Carbono 74.1g de los cuales azúcares 11.1g Proteínas 9.4g Sal 1.31g,No disponible,"(9,95 €/KILO)"
Sirope de chocolate Delimagic de Dia botella 295 g,https://www.dia.es/panes-harinas-y-masas/preparados-para-postres/p/161790,https://www.dia.es/product_images/161790/161790_ISO_0_ES.jpg?imwidth=392,"1,65 €",Grasas 0.9g de las cuales saturadas 0.5g Hidratos de Carbono 75g de los cuales azúcares 55g Proteínas 1.7g Sal 0.01g,No disponible,"(5,59 €/KILO)"
Perlitas de chocolate Dr. Oetker bolsa 100 g,https://www.dia.es/panes-harinas-y-masas/preparados-para-postres/p/243992,https://www.dia.es/product_images/243992/243992_ISO_0_ES.jpg?imwidth=392,"2,59 €",Grasas 26g de las cuales saturadas 16g Hidratos de Carbono 60g de los cuales azúcares 57g Proteínas 4.2g Sal 0.01g,No disponible,"(25,90 €/KILO)"
Preparado para tarta de chocolate milka Royal caja 350 g,https://www.dia.es/panes-harinas-y-masas/preparados-para-postres/p/150816,https://www.dia.es/product_images/150816/150816_ISO_0_ES.jpg?imwidth=392,"4,50 €",Grasas 23g de las cuales saturadas 9.3g Hidratos de Carbono 43g de los cuales azúcares 33g Fibra alimentaria 2.1g Proteínas 7.2g Sal 0.85g,No disponible,"(12,86 €/KILO)"
Caramelo líquido Royal botella 400 g,https://www.dia.es/panes-harinas-y-masas/preparados-para-postres/p/1169,https://www.dia.es/product_images/1169/1169_ISO_0_ES.jpg?imwidth=392,"2,90 €",Grasas 0g de las cuales saturadas 0g Hidratos de Carbono 72g de los cuales azúcares 40.5g Fibra alimentaria 0g Proteínas 0g Sal 0g,No disponible,"(7,25 €/KILO)"
Preparado para tarta de queso Royal caja 325 g,https://www.dia.es/panes-harinas-y-masas/preparados-para-postres/p/17777,https://www.dia.es/product_images/17777/17777_ISO_0_ES.jpg?imwidth=392,"3,99 €",Grasas 8.4g de las cuales saturadas 6g Hidratos de Carbono 32g de los cuales azúcares 24g Fibra alimentaria 0.5g Proteínas 4.7g Sal 0.63g,No disponible,"(12,28 €/KILO)"
Preparado para brownies Dr. Oetker caja 456 g,https://www.dia.es/panes-harinas-y-masas/preparados-para-postres/p/131023,https://www.dia.es/product_images/131023/131023_ISO_0_ES.jpg?imwidth=392,"4,99 €",Grasas 12g de las cuales saturadas 3.3g Hidratos de Carbono 56g de los cuales azúcares 41g Proteínas 6.1g Sal 0.26g,No disponible,"(10,94 €/KILO)"
Sirope de fresa Delimagic de Dia botella 295 g,https://www.dia.es/panes-harinas-y-masas/preparados-para-postres/p/161789,https://www.dia.es/product_images/161789/161789_ISO_0_ES.jpg?imwidth=392,"1,65 €",Grasas 0g de las cuales saturadas 0g Hidratos de Carbono 75g de los cuales azúcares 57g Proteínas 0g Sal 0.01g,No disponible,"(5,59 €/KILO)"
Preparado para pastel fresco sabor limón Royal caja 103 g,https://www.dia.es/panes-harinas-y-masas/preparados-para-postres/p/5373,https://www.dia.es/product_images/5373/5373_ISO_0_ES.jpg?imwidth=392,"1,60 €",Grasas 3.5g de las cuales saturadas 2.3g Hidratos de Carbono 29g de los cuales azúcares 27g Fibra alimentaria 0.1g Proteínas 3.6g Sal 0.09g,No disponible,"(15,53 €/KILO)"
Aroma de vainilla de Madagascar Dr. Oetker bote 35 ml,https://www.dia.es/panes-harinas-y-masas/preparados-para-postres/p/245067,https://www.dia.es/product_images/245067/245067_ISO_0_ES.jpg?imwidth=392,"4,79 €",Grasas 0g de las cuales saturadas 0g Hidratos de Carbono 0g de los cuales azúcares 0g Proteínas 0g Sal 0g,No disponible,"(136,86 €/LITRO)"
Coco rallado Dr. Oetker bolsa 130 g,https://www.dia.es/panes-harinas-y-masas/preparados-para-postres/p/227497,https://www.dia.es/product_images/227497/227497_ISO_0_ES.jpg?imwidth=392,"2,44 €",Grasas 65g de las cuales saturadas 57g Hidratos de Carbono 24g de los cuales azúcares 7.3g Proteínas 6.8g Sal 0.23g,No disponible,"(18,77 €/KILO)"
Preparado para flanes y natillas Flanin caja 192 g,https://www.dia.es/panes-harinas-y-masas/preparados-para-postres/p/26640,https://www.dia.es/product_images/26640/26640_ISO_0_ES.jpg?imwidth=392,"1,75 €",Grasas 0.5g de las cuales saturadas 0.1g Hidratos de Carbono 87g de los cuales azúcares 0.5g Fibra alimentaria 1.1g Proteínas 0.5g Sal 0.04g,No disponible,"(9,11 €/KILO)"
Colorantes alimentarios Dr. Oetker caja 40 g,https://www.dia.es/panes-harinas-y-masas/preparados-para-postres/p/147899,https://www.dia.es/product_images/147899/147899_ISO_0_ES.jpg?imwidth=392,"3,75 €",Grasas 0.2g de las cuales saturadas 0.1g Hidratos de Carbono 63g de los cuales azúcares 45g Proteínas 0.4g Sal 0.06g,No disponible,"(93,75 €/KILO)"
Preparado para tarta de oreo Royal caja 215 g,https://www.dia.es/panes-harinas-y-masas/preparados-para-postres/p/89785,https://www.dia.es/product_images/89785/89785_ISO_0_ES.jpg?imwidth=392,"3,99 €",Grasas 12g de las cuales saturadas 7g Hidratos de Carbono 32g de los cuales azúcares 18g Fibra alimentaria 1.2g Proteínas 5.5g Sal 0.42g,No disponible,"(18,56 €/KILO)"
Gelatina sabor fresa Royal caja 114 g,https://www.dia.es/panes-harinas-y-masas/preparados-para-postres/p/262260,https://www.dia.es/product_images/262260/262260_ISO_0_ES.jpg?imwidth=392,"2,79 €",Grasas 0g de las cuales saturadas 0g Hidratos de Carbono 8.3g de los cuales azúcares 8.1g Fibra alimentaria 0g Proteínas 1.3g Sal 0.1g,No disponible,"(24,47 €/KILO)"
Preparado para cuajada Royal caja 60 g,https://www.dia.es/panes-harinas-y-masas/preparados-para-postres/p/27367,https://www.dia.es/product_images/27367/27367_ISO_0_ES.jpg?imwidth=392,"2,09 €",Grasas 1.6g de las cuales saturadas 1.1g Hidratos de Carbono 6.8g de los cuales azúcares 6.1g Fibra alimentaria 0.1g Proteínas 2.9g Sal 0.13g,No disponible,"(34,83 €/KILO)"
Preparado para natillas caseras Royal caja 100 g,https://www.dia.es/panes-harinas-y-masas/preparados-para-postres/p/52725,https://www.dia.es/product_images/52725/52725_ISO_0_ES.jpg?imwidth=392,"1,50 €",Grasas 1.3g de las cuales saturadas 0.9g Hidratos de Carbono 22g de los cuales azúcares 19g Fibra alimentaria 0.1g Proteínas 2.5g Sal 0.17g,No disponible,"(15,00 €/KILO)"
Preparado para crema catalana Royal caja 120 g,https://www.dia.es/panes-harinas-y-masas/preparados-para-postres/p/84941,https://www.dia.es/product_images/84941/84941_ISO_0_ES.jpg?imwidth=392,"1,92 €",Grasas 1.4g de las cuales saturadas 0.9g Hidratos de Carbono 17.5g de los cuales azúcares 14g Fibra alimentaria 0g Proteínas 2.6g Sal 0.18g,No disponible,"(16,00 €/KILO)"
Gelatina en láminas Dr. Oetker bolsa 20 g,https://www.dia.es/panes-harinas-y-masas/preparados-para-postres/p/124236,https://www.dia.es/product_images/124236/124236_ISO_0_ES.jpg?imwidth=392,"2,25 €",Grasas 0g de las cuales saturadas 0g Hidratos de Carbono 0g de los cuales azúcares 0g Proteínas 0g Sal 0g,No disponible,"(112,50 €/KILO)"
Café molido mezcla Cafetería de Dia bolsa 2 x 250 g,https://www.dia.es/cafe-cacao-e-infusiones/cafe/p/120826,https://www.dia.es/product_images/120826/120826_ISO_0_ES.jpg?imwidth=392,"4,45 €",Grasas 11.7g de las cuales saturadas 4.9g Hidratos de Carbono 13.7g de los cuales azúcares 0.1g Fibra alimentaria 53.8g Proteínas 17.1g Sal 0.1g,No disponible,"(8,90 €/KILO)"
Café molido natural Cafetería de Dia bolsa 2 x 250 g,https://www.dia.es/cafe-cacao-e-infusiones/cafe/p/218159,https://www.dia.es/product_images/218159/218159_ISO_0_ES.jpg?imwidth=392,"4,45 €",Grasas 13g de las cuales saturadas 5.8g Hidratos de Carbono 7.5g de los cuales azúcares 2.8g Fibra alimentaria 53.8g Proteínas 17.5g Sal 0.01g,No disponible,"(8,90 €/KILO)"
Café soluble clásico Cafetería de Dia frasco 200 g,https://www.dia.es/cafe-cacao-e-infusiones/cafe/p/34615,https://www.dia.es/product_images/34615/34615_ISO_0_ES.jpg?imwidth=392,"3,49 €",No disponible,No disponible,"(17,45 €/KILO)"
Café con leche en cápsulas Cafetería de Dia caja 16 unidades,https://www.dia.es/cafe-cacao-e-infusiones/cafe/p/202760,https://www.dia.es/product_images/202760/202760_ISO_0_ES.jpg?imwidth=392,"3,10 €",Grasas 4g de las cuales saturadas 2.8g Hidratos de Carbono 53g de los cuales azúcares 34.7g Proteínas 28.3g Sal 0.69g,No disponible,"(0,19 €/UNIDAD)"
Café molido mezcla intensa La estrella bolsa 250 g,https://www.dia.es/cafe-cacao-e-infusiones/cafe/p/70573,https://www.dia.es/product_images/70573/70573_ISO_0_ES.jpg?imwidth=392,"2,75 €",Grasas 10.6g de las cuales saturadas 4.3g Hidratos de Carbono 0.3g de los cuales azúcares 0.3g Fibra alimentaria 45.4g Proteínas 10.1g Sal 0.01g,No disponible,"(11,00 €/KILO)"
Café en cápsulas espresso intenso Arom'arte de Dia caja 20 unidades,https://www.dia.es/cafe-cacao-e-infusiones/cafe/p/273821,https://www.dia.es/product_images/273821/273821_ISO_0_ES.jpg?imwidth=392,"3,95 €",No disponible,No disponible,"(0,20 €/UNIDAD)"
Café molido mezcla Saimaza bolsa 250 g,https://www.dia.es/cafe-cacao-e-infusiones/cafe/p/245,https://www.dia.es/product_images/245/245_ISO_0_ES.jpg?imwidth=392,"3,25 €",Grasas 12g de las cuales saturadas 5.2g Hidratos de Carbono 16g de los cuales azúcares 0.5g Proteínas 17g Sal 0.02g,No disponible,"(13,00 €/KILO)"
Café soluble natural Nescafé frasco 200 g,https://www.dia.es/cafe-cacao-e-infusiones/cafe/p/234,https://www.dia.es/product_images/234/234_ISO_0_ES.jpg?imwidth=392,"6,65 €",Grasas 11.9g de las cuales saturadas 9.9g Hidratos de Carbono 70.4g de los cuales azúcares 52.3g Fibra alimentaria 6.3g Proteínas 1.8g Sal 0.83g,No disponible,"(33,25 €/KILO)"
Café molido natural Bonka paquete 250 g,https://www.dia.es/cafe-cacao-e-infusiones/cafe/p/119950,https://www.dia.es/product_images/119950/119950_ISO_0_ES.jpg?imwidth=392,"3,19 €",Grasas 11.7g de las cuales saturadas 5.3g Hidratos de Carbono 0.1g de los cuales azúcares 0.1g Fibra alimentaria 37.1g Proteínas 13.8g Sal 0.01g,No disponible,"(12,76 €/KILO)"
Café molido natural descafeinado Cafetería de Dia paquete 250 g,https://www.dia.es/cafe-cacao-e-infusiones/cafe/p/1161,https://www.dia.es/product_images/1161/1161_ISO_0_ES.jpg?imwidth=392,"2,45 €",Grasas 9g de las cuales saturadas 3.9g Hidratos de Carbono 12g de los cuales azúcares 2.2g Proteínas 13.7g Sal 0.01g,No disponible,"(9,80 €/KILO)"
Café soluble descafeinado Cafetería de Dia frasco 200 g,https://www.dia.es/cafe-cacao-e-infusiones/cafe/p/230,https://www.dia.es/product_images/230/230_ISO_0_ES.jpg?imwidth=392,"3,99 €",No disponible,No disponible,"(19,95 €/KILO)"
Café en cápsulas espresso extra intenso Arom'arte de Dia caja 20 unidades,https://www.dia.es/cafe-cacao-e-infusiones/cafe/p/273823,https://www.dia.es/product_images/273823/273823_ISO_0_ES.jpg?imwidth=392,"3,95 €",No disponible,No disponible,"(0,20 €/UNIDAD)"
Café molido mezcla gran aroma Marcilla bolsa 500 g,https://www.dia.es/cafe-cacao-e-infusiones/cafe/p/216520,https://www.dia.es/product_images/216520/216520_ISO_0_ES.jpg?imwidth=392,"6,99 €",Grasas 12g de las cuales saturadas 5.2g Hidratos de Carbono 16g de los cuales azúcares 0.5g Proteínas 17g Sal 0.02g,No disponible,"(13,98 €/KILO)"
Café en cápsulas espresso intenso Nescafé Dolce Gusto caja 16 unidades,https://www.dia.es/cafe-cacao-e-infusiones/cafe/p/86874,https://www.dia.es/product_images/86874/86874_ISO_0_ES.jpg?imwidth=392,"4,89 €",No disponible,No disponible,"(0,31 €/UNIDAD)"
Café en cápsulas lungo Cafetería de Dia caja 16 unidades,https://www.dia.es/cafe-cacao-e-infusiones/cafe/p/221654,https://www.dia.es/product_images/221654/221654_ISO_0_ES.jpg?imwidth=392,"3,10 €",No disponible,No disponible,"(0,19 €/UNIDAD)"
Café molido natural crema e gusto Lavazza bolsa 250 g,https://www.dia.es/cafe-cacao-e-infusiones/cafe/p/173960,https://www.dia.es/product_images/173960/173960_ISO_0_ES.jpg?imwidth=392,"4,35 €",Grasas 12g de las cuales saturadas 5.5g Hidratos de Carbono 12.7g de los cuales azúcares 0.5g Fibra alimentaria 50.7g Proteínas 18g Sal 0.01g,No disponible,"(17,40 €/KILO)"
Café molido mezcla descafeinado Cafetería de Dia paquete 250 g,https://www.dia.es/cafe-cacao-e-infusiones/cafe/p/1160,https://www.dia.es/product_images/1160/1160_ISO_0_ES.jpg?imwidth=392,"2,45 €",Grasas 12g de las cuales saturadas 4.9g Hidratos de Carbono 12.9g de los cuales azúcares 28g Fibra alimentaria 2g Proteínas 12.6g Ácido Fólico 200µg Sal 1g Hierro 7mg Niacina 16µg Ácido pantoténico 6mg Riboflavinas 1mg Tiamina 1.1mg,No disponible,"(9,80 €/KILO)"
Café con leche en cápsulas Nescafé Dolce Gusto caja 30 unidades,https://www.dia.es/cafe-cacao-e-infusiones/cafe/p/255048,https://www.dia.es/product_images/255048/255048_ISO_0_ES.jpg?imwidth=392,"8,25 €",Grasas 22g de las cuales saturadas 12.5g Hidratos de Carbono 38.3g de los cuales azúcares 30g Fibra alimentaria 7.1g Proteínas 22.2g Sal 0.89g,No disponible,"(0,28 €/UNIDAD)"
Café molido natural Saimaza bolsa 250 g,https://www.dia.es/cafe-cacao-e-infusiones/cafe/p/288,https://www.dia.es/product_images/288/288_ISO_0_ES.jpg?imwidth=392,"3,25 €",No disponible,No disponible,"(13,00 €/KILO)"
Café en cápsulas espresso descafeinado Arom'arte de Dia caja 20 unidades,https://www.dia.es/cafe-cacao-e-infusiones/cafe/p/273825,https://www.dia.es/product_images/273825/273825_ISO_0_ES.jpg?imwidth=392,"3,95 €",No disponible,No disponible,"(0,20 €/UNIDAD)"
Café molido natural Colombia Arom'arte de Dia bolsa 250 g,https://www.dia.es/cafe-cacao-e-infusiones/cafe/p/6077,https://www.dia.es/product_images/6077/6077_ISO_0_ES.jpg?imwidth=392,"4,39 €",Grasas 9g de las cuales saturadas 4g Hidratos de Carbono 12g de los cuales azúcares 2g Proteínas 14g,No disponible,"(17,56 €/KILO)"
Café soluble liofilizado aroma Cafetería de Dia frasco 100 g,https://www.dia.es/cafe-cacao-e-infusiones/cafe/p/53754,https://www.dia.es/product_images/53754/53754_ISO_0_ES.jpg?imwidth=392,"3,45 €",No disponible,No disponible,"(34,50 €/KILO)"
Café soluble natural Nescafé bolsa 75 g,https://www.dia.es/cafe-cacao-e-infusiones/cafe/p/45646,https://www.dia.es/product_images/45646/45646_ISO_0_ES.jpg?imwidth=392,"2,75 €",No disponible,No disponible,"(36,67 €/KILO)"
Café molido mezcla créme express Marcilla bolsa 250 g,https://www.dia.es/cafe-cacao-e-infusiones/cafe/p/43193,https://www.dia.es/product_images/43193/43193_ISO_0_ES.jpg?imwidth=392,"4,29 €",Grasas 12g de las cuales saturadas 5.2g Hidratos de Carbono 16g de los cuales azúcares 0.5g Proteínas 17g Sal 0.02g,No disponible,"(17,16 €/KILO)"
Café molido natural créme express Marcilla bolsa 250 g,https://www.dia.es/cafe-cacao-e-infusiones/cafe/p/38691,https://www.dia.es/product_images/38691/38691_ISO_0_ES.jpg?imwidth=392,"4,29 €",No disponible,No disponible,"(17,16 €/KILO)"
Café soluble descafeinado Nescafé bolsa 75 g,https://www.dia.es/cafe-cacao-e-infusiones/cafe/p/36414,https://www.dia.es/product_images/36414/36414_ISO_0_ES.jpg?imwidth=392,"2,75 €",No disponible,No disponible,"(36,67 €/KILO)"
Café en cápsulas capuccino con aroma a caramelo Ubago caja 16 unidades,https://www.dia.es/cafe-cacao-e-infusiones/cafe/p/302802,https://www.dia.es/product_images/302802/302802_ISO_0_ES.jpg?imwidth=392,"3,59 €",No disponible,No disponible,"(0,22 €/UNIDAD)"
Café en cápsulas South Asia Nescafé Farmers Origins caja 10 unidades,https://www.dia.es/cafe-cacao-e-infusiones/cafe/p/300933,https://www.dia.es/product_images/300933/300933_ISO_0_ES.jpg?imwidth=392,"3,69 €",No disponible,4x3 en selección nestlé,No disponible
Café en cápsulas Andes Nescafé Farmers Origins caja 10 unidades,https://www.dia.es/cafe-cacao-e-infusiones/cafe/p/293431,https://www.dia.es/product_images/293431/293431_ISO_0_ES.jpg?imwidth=392,"3,69 €",No disponible,4x3 en selección nestlé,No disponible
Café en cápsulas espresso intenso descafeinado Nescafé Dolce Gusto caja 30 unidades,https://www.dia.es/cafe-cacao-e-infusiones/cafe/p/292467,https://www.dia.es/product_images/292467/292467_ISO_0_ES.jpg?imwidth=392,"8,25 €",No disponible,No disponible,"(0,28 €/UNIDAD)"
Café en cápsulas espresso sontuoso L'Or caja 20 unidades,https://www.dia.es/cafe-cacao-e-infusiones/cafe/p/290660,https://www.dia.es/product_images/290660/290660_ISO_0_ES.jpg?imwidth=392,"7,29 €",No disponible,No disponible,"(0,36 €/UNIDAD)"
Café molido mezcla Saimaza bolsa 500 g,https://www.dia.es/cafe-cacao-e-infusiones/cafe/p/290659,https://www.dia.es/product_images/290659/290659_ISO_0_ES.jpg?imwidth=392,"6,09 €",Grasas 12g de las cuales saturadas 5.2g Hidratos de Carbono 16g de los cuales azúcares 0.5g Proteínas 17g Sal 0.02g,No disponible,"(12,18 €/KILO)"
Café molido ecológico suave Mascaf bolsa 250 g,https://www.dia.es/cafe-cacao-e-infusiones/cafe/p/289940,https://www.dia.es/product_images/289940/289940_ISO_0_ES.jpg?imwidth=392,"2,95 €",No disponible,No disponible,"(11,80 €/KILO)"
Café en grano especial Mascaf bolsa 1 Kg,https://www.dia.es/cafe-cacao-e-infusiones/cafe/p/289931,https://www.dia.es/product_images/289931/289931_ISO_0_ES.jpg?imwidth=392,"9,89 €",No disponible,No disponible,"(9,89 €/KILO)"
Café en cápsulas Brasil Nescafé Farmers Origins caja 10 unidades,https://www.dia.es/cafe-cacao-e-infusiones/cafe/p/278485,https://www.dia.es/product_images/278485/278485_ISO_0_ES.jpg?imwidth=392,"3,69 €",No disponible,4x3 en selección nestlé,No disponible
Café molido natural Colombia Marcilla bolsa 200 g,https://www.dia.es/cafe-cacao-e-infusiones/cafe/p/277655,https://www.dia.es/product_images/277655/277655_ISO_0_ES.jpg?imwidth=392,"4,79 €",No disponible,No disponible,"(23,95 €/KILO)"
Café en grano natural Marcilla bolsa 500 g,https://www.dia.es/cafe-cacao-e-infusiones/cafe/p/277653,https://www.dia.es/product_images/277653/277653_ISO_0_ES.jpg?imwidth=392,"8,99 €",No disponible,No disponible,"(17,98 €/KILO)"
Café en cápsulas Colombia descafeinado Nescafé Farmers Origins caja 10 unidades,https://www.dia.es/cafe-cacao-e-infusiones/cafe/p/273992,https://www.dia.es/product_images/273992/273992_ISO_0_ES.jpg?imwidth=392,"3,69 €",No disponible,4x3 en selección nestlé,No disponible
Café en cápsulas Africas Nescafé Farmers Origins caja 10 unidades,https://www.dia.es/cafe-cacao-e-infusiones/cafe/p/273989,https://www.dia.es/product_images/273989/273989_ISO_0_ES.jpg?imwidth=392,"3,69 €",No disponible,4x3 en selección nestlé,No disponible
Café en cápsulas India Nescafé Farmers Origins caja 10 unidades,https://www.dia.es/cafe-cacao-e-infusiones/cafe/p/273986,https://www.dia.es/product_images/273986/273986_ISO_0_ES.jpg?imwidth=392,"3,69 €",No disponible,4x3 en selección nestlé,No disponible
Café en cápsulas espresso Colombia Arom'arte de Dia caja 10 unidades,https://www.dia.es/cafe-cacao-e-infusiones/cafe/p/273828,https://www.dia.es/product_images/273828/273828_ISO_0_ES.jpg?imwidth=392,"2,29 €",No disponible,No disponible,"(0,23 €/UNIDAD)"
Café en cápsulas espresso Brasil Arom'arte de Dia caja 10 unidades,https://www.dia.es/cafe-cacao-e-infusiones/cafe/p/273826,https://www.dia.es/product_images/273826/273826_ISO_0_ES.jpg?imwidth=392,"2,29 €",No disponible,No disponible,"(0,23 €/UNIDAD)"
Café en cápsulas espresso fortissimo Arom'arte de Dia caja 20 unidades,https://www.dia.es/cafe-cacao-e-infusiones/cafe/p/273824,https://www.dia.es/product_images/273824/273824_ISO_0_ES.jpg?imwidth=392,"3,95 €",No disponible,No disponible,"(0,20 €/UNIDAD)"
Café en cápsulas espresso ristretto Arom'arte de Dia caja 20 unidades,https://www.dia.es/cafe-cacao-e-infusiones/cafe/p/273822,https://www.dia.es/product_images/273822/273822_ISO_0_ES.jpg?imwidth=392,"3,95 €",No disponible,No disponible,"(0,20 €/UNIDAD)"
Café en cápsulas espresso ristretto descafeinado L'Or caja 20 unidades,https://www.dia.es/cafe-cacao-e-infusiones/cafe/p/273719,https://www.dia.es/product_images/273719/273719_ISO_0_ES.jpg?imwidth=392,"7,29 €",No disponible,No disponible,"(0,36 €/UNIDAD)"
Café en cápsulas espresso roast Starbucks caja 10 unidades,https://www.dia.es/cafe-cacao-e-infusiones/cafe/p/268920,https://www.dia.es/product_images/268920/268920_ISO_0_ES.jpg?imwidth=392,"3,99 €",No disponible,No disponible,"(0,40 €/UNIDAD)"
Café en cápsulas espresso ristretto Marcilla caja 20 unidades,https://www.dia.es/cafe-cacao-e-infusiones/cafe/p/264767,https://www.dia.es/product_images/264767/264767_ISO_0_ES.jpg?imwidth=392,"5,99 €",No disponible,No disponible,"(0,30 €/UNIDAD)"
Café en cápsulas espresso intenso Marcilla caja 20 unidades,https://www.dia.es/cafe-cacao-e-infusiones/cafe/p/264764,https://www.dia.es/product_images/264764/264764_ISO_0_ES.jpg?imwidth=392,"5,99 €",No disponible,No disponible,"(0,30 €/UNIDAD)"
Café en cápsulas espresso descafeinado Marcilla caja 20 unidades,https://www.dia.es/cafe-cacao-e-infusiones/cafe/p/264258,https://www.dia.es/product_images/264258/264258_ISO_0_ES.jpg?imwidth=392,"5,99 €",No disponible,No disponible,"(0,30 €/UNIDAD)"
Café en cápsulas espresso Colombia L'Or caja 20 unidades,https://www.dia.es/cafe-cacao-e-infusiones/cafe/p/254975,https://www.dia.es/product_images/254975/254975_ISO_0_ES.jpg?imwidth=392,"7,59 €",No disponible,No disponible,"(0,38 €/UNIDAD)"
Café molido natural Marcilla bolsa 500 g,https://www.dia.es/cafe-cacao-e-infusiones/cafe/p/253585,https://www.dia.es/product_images/253585/253585_ISO_0_ES.jpg?imwidth=392,"6,99 €",No disponible,No disponible,"(13,98 €/KILO)"
Café en cápsulas espresso ristretto L'Or caja 20 unidades,https://www.dia.es/cafe-cacao-e-infusiones/cafe/p/248522,https://www.dia.es/product_images/248522/248522_ISO_0_ES.jpg?imwidth=392,"7,29 €",No disponible,No disponible,"(0,36 €/UNIDAD)"
Café en cápsulas espresso descafeinado Saimaza caja 20 unidades,https://www.dia.es/cafe-cacao-e-infusiones/cafe/p/245401,https://www.dia.es/product_images/245401/245401_ISO_0_ES.jpg?imwidth=392,"4,99 €",No disponible,No disponible,"(0,25 €/UNIDAD)"
Café en cápsulas espresso fuerte Saimaza caja 20 unidades,https://www.dia.es/cafe-cacao-e-infusiones/cafe/p/245400,https://www.dia.es/product_images/245400/245400_ISO_0_ES.jpg?imwidth=392,"4,99 €",No disponible,No disponible,"(0,25 €/UNIDAD)"
Café con leche en cápsulas intenso Nescafé Dolce Gusto caja 16 unidades,https://www.dia.es/cafe-cacao-e-infusiones/cafe/p/240969,https://www.dia.es/product_images/240969/240969_ISO_0_ES.jpg?imwidth=392,"4,89 €",Grasas 12.1g de las cuales saturadas 7.3g Hidratos de Carbono 47.6g de los cuales azúcares 37.7g Fibra alimentaria 12.4g Proteínas 18.9g Sal 0.54g,No disponible,"(0,31 €/UNIDAD)"
Café en cápsulas espresso ristretto L'Or caja 10 unidades,https://www.dia.es/cafe-cacao-e-infusiones/cafe/p/235862,https://www.dia.es/product_images/235862/235862_ISO_0_ES.jpg?imwidth=392,"3,79 €",No disponible,No disponible,"(0,38 €/UNIDAD)"
Café en cápsulas espresso Colombia L'Or caja 10 unidades,https://www.dia.es/cafe-cacao-e-infusiones/cafe/p/235856,https://www.dia.es/product_images/235856/235856_ISO_0_ES.jpg?imwidth=392,"3,89 €",No disponible,No disponible,"(0,39 €/UNIDAD)"
Café en cápsulas espresso onyx L'Or caja 10 unidades,https://www.dia.es/cafe-cacao-e-infusiones/cafe/p/235855,https://www.dia.es/product_images/235855/235855_ISO_0_ES.jpg?imwidth=392,"3,79 €",No disponible,No disponible,"(0,38 €/UNIDAD)"
Café en cápsulas espresso ristretto descafeinado L'Or caja 10 unidades,https://www.dia.es/cafe-cacao-e-infusiones/cafe/p/235854,https://www.dia.es/product_images/235854/235854_ISO_0_ES.jpg?imwidth=392,"3,79 €",No disponible,No disponible,"(0,38 €/UNIDAD)"
Café en cápsulas espresso sontuoso L'Or caja 10 unidades,https://www.dia.es/cafe-cacao-e-infusiones/cafe/p/235852,https://www.dia.es/product_images/235852/235852_ISO_0_ES.jpg?imwidth=392,"3,79 €",No disponible,No disponible,"(0,38 €/UNIDAD)"
Café soluble descafeinado Nescafé frasco 200 g,https://www.dia.es/cafe-cacao-e-infusiones/cafe/p/233,https://www.dia.es/product_images/233/233_ISO_0_ES.jpg?imwidth=392,"6,65 €",Grasas 8.5g de las cuales saturadas 7.2g Hidratos de Carbono 63g de los cuales azúcares 47.2g Fibra alimentaria 5.1g Proteínas 9.5g Sal 1.1g,No disponible,"(33,25 €/KILO)"
Café soluble normal Cafetería de Dia frasco 100 g,https://www.dia.es/cafe-cacao-e-infusiones/cafe/p/231,https://www.dia.es/product_images/231/231_ISO_0_ES.jpg?imwidth=392,"2,39 €",No disponible,No disponible,"(23,90 €/KILO)"
Café soluble descafeinado Cafetería de Dia frasco 100 g,https://www.dia.es/cafe-cacao-e-infusiones/cafe/p/229,https://www.dia.es/product_images/229/229_ISO_0_ES.jpg?imwidth=392,"2,49 €",No disponible,No disponible,"(24,90 €/KILO)"
Café con leche en cápsulas Marcilla caja 16 unidades,https://www.dia.es/cafe-cacao-e-infusiones/cafe/p/228021,https://www.dia.es/product_images/228021/228021_ISO_0_ES.jpg?imwidth=392,"5,99 €",Grasas 0.7g de las cuales saturadas 0.7g Hidratos de Carbono 3.6g de los cuales azúcares 2.6g Proteínas 0.9g Sal 0.02g,No disponible,"(0,37 €/UNIDAD)"
Café en cápsulas espresso Marcilla caja 16 unidades,https://www.dia.es/cafe-cacao-e-infusiones/cafe/p/228020,https://www.dia.es/product_images/228020/228020_ISO_0_ES.jpg?imwidth=392,"5,29 €",No disponible,No disponible,"(0,33 €/UNIDAD)"
Café en cápsulas lungo L'Or caja 16 unidades,https://www.dia.es/cafe-cacao-e-infusiones/cafe/p/227913,https://www.dia.es/product_images/227913/227913_ISO_0_ES.jpg?imwidth=392,"6,65 €",No disponible,No disponible,"(0,42 €/UNIDAD)"
Café molido mezcla intensa La estrella bolsa 2 x 250 g,https://www.dia.es/cafe-cacao-e-infusiones/cafe/p/225787,https://www.dia.es/product_images/225787/225787_ISO_0_ES.jpg?imwidth=392,"5,19 €",No disponible,No disponible,"(10,38 €/KILO)"
Café molido natural Toscaf bolsa 250 g,https://www.dia.es/cafe-cacao-e-infusiones/cafe/p/225575,https://www.dia.es/product_images/225575/225575_ISO_0_ES.jpg?imwidth=392,"2,99 €",No disponible,No disponible,"(11,96 €/KILO)"
Café molido natural intenso Toscaf bolsa 250 g,https://www.dia.es/cafe-cacao-e-infusiones/cafe/p/225574,https://www.dia.es/product_images/225574/225574_ISO_0_ES.jpg?imwidth=392,"2,99 €",No disponible,No disponible,"(11,96 €/KILO)"
Café con leche en cápsulas descafeinado Nescafé Dolce Gusto caja 16 unidades,https://www.dia.es/cafe-cacao-e-infusiones/cafe/p/220579,https://www.dia.es/product_images/220579/220579_ISO_0_ES.jpg?imwidth=392,"4,89 €",Grasas 19.2g de las cuales saturadas 11.8g Hidratos de Carbono 35.5g de los cuales azúcares 27g Fibra alimentaria 11.6g Proteínas 22.7g Sal 0.84g,No disponible,"(0,31 €/UNIDAD)"
Café en cápsulas ristretto Nescafé Dolce Gusto caja 16 unidades,https://www.dia.es/cafe-cacao-e-infusiones/cafe/p/208620,https://www.dia.es/product_images/208620/208620_ISO_0_ES.jpg?imwidth=392,"4,89 €",No disponible,No disponible,"(0,31 €/UNIDAD)"
Café molido natural descafeinado Saimaza paquete 250 g,https://www.dia.es/cafe-cacao-e-infusiones/cafe/p/207714,https://www.dia.es/product_images/207714/207714_ISO_0_ES.jpg?imwidth=392,"3,59 €",No disponible,No disponible,"(14,36 €/KILO)"
Café molido natural descafeinado gran aroma Marcilla caja 200 g,https://www.dia.es/cafe-cacao-e-infusiones/cafe/p/207235,https://www.dia.es/product_images/207235/207235_ISO_0_ES.jpg?imwidth=392,"4,25 €",No disponible,No disponible,"(21,25 €/KILO)"
Café molido mezcla descafeinado Marcilla caja 200 g,https://www.dia.es/cafe-cacao-e-infusiones/cafe/p/207234,https://www.dia.es/product_images/207234/207234_ISO_0_ES.jpg?imwidth=392,"4,25 €",Grasas 12g de las cuales saturadas 5.2g Hidratos de Carbono 16g de los cuales azúcares 0.5g Proteínas 17g Sal 0.02g,No disponible,"(21,25 €/KILO)"
Cereales solubles ecológicos Eko bote 150 g,https://www.dia.es/cafe-cacao-e-infusiones/cafe/p/206,https://www.dia.es/product_images/206/206_ISO_0_ES.jpg?imwidth=392,"3,59 €",Grasas 0.2g de las cuales saturadas 0g Hidratos de Carbono 78.6g de los cuales azúcares 5.2g Fibra alimentaria 7.7g Proteínas 6.9g Sal 0.18g,No disponible,"(23,93 €/KILO)"
Café soluble crema Cafetería de Dia frasco 100 g,https://www.dia.es/cafe-cacao-e-infusiones/cafe/p/203923,https://www.dia.es/product_images/203923/203923_ISO_0_ES.jpg?imwidth=392,"3,40 €",Grasas 1g de las cuales saturadas 1g Hidratos de Carbono 5g de los cuales azúcares 4g Proteínas 1g,No disponible,"(34,00 €/KILO)"
Café cortado en cápsulas Cafetería de Dia caja 16 unidades,https://www.dia.es/cafe-cacao-e-infusiones/cafe/p/202759,https://www.dia.es/product_images/202759/202759_ISO_0_ES.jpg?imwidth=392,"3,10 €",Grasas 5.7g de las cuales saturadas 3.7g Hidratos de Carbono 53.1g de los cuales azúcares 37.9g Proteínas 27.9g Sal 0.7g,No disponible,"(0,19 €/UNIDAD)"
Café en cápsulas descafeinado Cafetería de Dia caja 16 unidades,https://www.dia.es/cafe-cacao-e-infusiones/cafe/p/202758,https://www.dia.es/product_images/202758/202758_ISO_0_ES.jpg?imwidth=392,"3,10 €",Grasas 6g de las cuales saturadas 4g Hidratos de Carbono 53g de los cuales azúcares 38g Proteínas 28g Sal 1g,No disponible,"(0,19 €/UNIDAD)"
Café en cápsulas grande intenso Nescafé Dolce Gusto caja 16 unidades,https://www.dia.es/cafe-cacao-e-infusiones/cafe/p/184422,https://www.dia.es/product_images/184422/184422_ISO_0_ES.jpg?imwidth=392,"4,89 €",No disponible,No disponible,"(0,31 €/UNIDAD)"
Café molido mezcla descafeinado La estrella paquete 250 g,https://www.dia.es/cafe-cacao-e-infusiones/cafe/p/174541,https://www.dia.es/product_images/174541/174541_ISO_0_ES.jpg?imwidth=392,"3,59 €",Grasas 10.6g de las cuales saturadas 4.3g Hidratos de Carbono 0.3g de los cuales azúcares 0.3g Fibra alimentaria 45.4g Proteínas 10.1g Sal 0.01g,No disponible,"(14,36 €/KILO)"
Café soluble natural Nescafé frasco 100 g,https://www.dia.es/cafe-cacao-e-infusiones/cafe/p/1727,https://www.dia.es/product_images/1727/1727_ISO_0_ES.jpg?imwidth=392,"4,30 €",Grasas 30.8g de las cuales saturadas 17.7g Hidratos de Carbono 58.9g de los cuales azúcares 57.8g Fibra alimentaria 1.8g Proteínas 6.2g Sal 0.13g Calcio 167mg,No disponible,"(43,00 €/KILO)"
Café soluble descafeinado Nescafé caja 20 g,https://www.dia.es/cafe-cacao-e-infusiones/cafe/p/1726,https://www.dia.es/product_images/1726/1726_ISO_0_ES.jpg?imwidth=392,"1,45 €",Grasas 0.2g de las cuales saturadas 0.1g Hidratos de Carbono 3.1g de los cuales azúcares 3.1g Fibra alimentaria 34.1g Proteínas 7.8g Sal 0.25g,No disponible,"(72,50 €/KILO)"
Café soluble descafeinado Nescafé frasco 100 g,https://www.dia.es/cafe-cacao-e-infusiones/cafe/p/1725,https://www.dia.es/product_images/1725/1725_ISO_0_ES.jpg?imwidth=392,"4,30 €",Grasas 30.8g de las cuales saturadas 17.7g Hidratos de Carbono 58.9g de los cuales azúcares 57.8g Fibra alimentaria 1.8g Proteínas 6.2g Sal 0.13g,No disponible,"(43,00 €/KILO)"
Café en cápsulas ristretto bonka Nescafé Dolce Gusto caja 16 unidades,https://www.dia.es/cafe-cacao-e-infusiones/cafe/p/168695,https://www.dia.es/product_images/168695/168695_ISO_0_ES.jpg?imwidth=392,"4,89 €",No disponible,No disponible,"(0,31 €/UNIDAD)"
Café en cápsulas fuerte gran aroma Marcilla caja 28 unidades,https://www.dia.es/cafe-cacao-e-infusiones/cafe/p/168486,https://www.dia.es/product_images/168486/168486_ISO_0_ES.jpg?imwidth=392,"4,99 €",No disponible,No disponible,"(0,18 €/UNIDAD)"
Café molido natural Lavazza bolsa 250 g,https://www.dia.es/cafe-cacao-e-infusiones/cafe/p/168483,https://www.dia.es/product_images/168483/168483_ISO_0_ES.jpg?imwidth=392,"4,25 €",Grasas 11.6g de las cuales saturadas 5.3g Hidratos de Carbono 10.2g de los cuales azúcares 0.5g Fibra alimentaria 55.2g Proteínas 18.3g Sal 0.01g,No disponible,"(17,00 €/KILO)"
Café molido mezcla gran aroma Marcilla bolsa 250 g,https://www.dia.es/cafe-cacao-e-infusiones/cafe/p/161808,https://www.dia.es/product_images/161808/161808_ISO_0_ES.jpg?imwidth=392,"3,85 €",Grasas 12g de las cuales saturadas 5.2g Hidratos de Carbono 16g de los cuales azúcares 0.5g Proteínas 17g Sal 0.02g,No disponible,"(15,40 €/KILO)"
Cafe capuccino Nescafé caja 140 g,https://www.dia.es/cafe-cacao-e-infusiones/cafe/p/1546,https://www.dia.es/product_images/1546/1546_ISO_0_ES.jpg?imwidth=392,"3,49 €",Grasas 7.2g de las cuales saturadas 6.1g Hidratos de Carbono 68.6g de los cuales azúcares 46.4g Fibra alimentaria 4g Proteínas 8.6g Sal 1.13g,No disponible,"(24,93 €/KILO)"
Café cappuccino Cafetería de Dia caja 125 g,https://www.dia.es/cafe-cacao-e-infusiones/cafe/p/1533,https://www.dia.es/product_images/1533/1533_ISO_0_ES.jpg?imwidth=392,"1,90 €",Grasas 1.2g de las cuales saturadas 1.1g Hidratos de Carbono 5.4g de los cuales azúcares 4.2g Fibra alimentaria 6g Proteínas 0.6g Sal 0.21g,No disponible,"(15,20 €/KILO)"
Café molido natural gran aroma Marcilla bolsa 250 g,https://www.dia.es/cafe-cacao-e-infusiones/cafe/p/151636,https://www.dia.es/product_images/151636/151636_ISO_0_ES.jpg?imwidth=392,"3,85 €",No disponible,No disponible,"(15,40 €/KILO)"
Café soluble 3 en 1 Nescafé bolsa 180 g,https://www.dia.es/cafe-cacao-e-infusiones/cafe/p/143005,https://www.dia.es/product_images/143005/143005_ISO_0_ES.jpg?imwidth=392,"2,99 €",Grasas 11.9g de las cuales saturadas 9.9g Hidratos de Carbono 70.4g de los cuales azúcares 52.3g Fibra alimentaria 6.3g Proteínas 1.8g Sal 0.83g,No disponible,"(16,61 €/KILO)"
Café con leche en cápsulas Nescafé Dolce Gusto caja 16 unidades,https://www.dia.es/cafe-cacao-e-infusiones/cafe/p/129910,https://www.dia.es/product_images/129910/129910_ISO_0_ES.jpg?imwidth=392,"4,89 €",Grasas 22g de las cuales saturadas 12.5g Hidratos de Carbono 38.3g de los cuales azúcares 30g Fibra alimentaria 7.1g Proteínas 22.2g Sal 0.89g,No disponible,"(0,31 €/UNIDAD)"
Café en cápsulas cortado Nescafé Dolce Gusto caja 16 unidades,https://www.dia.es/cafe-cacao-e-infusiones/cafe/p/122969,https://www.dia.es/product_images/122969/122969_ISO_0_ES.jpg?imwidth=392,"4,89 €",Grasas 17.2g de las cuales saturadas 10.1g Hidratos de Carbono 45.3g de los cuales azúcares 24g Fibra alimentaria 12.5g Proteínas 23.3g Sal 0.88g,No disponible,"(0,31 €/UNIDAD)"
Café en grano natural Cafetería de Dia bolsa 500 g,https://www.dia.es/cafe-cacao-e-infusiones/cafe/p/120827,https://www.dia.es/product_images/120827/120827_ISO_0_ES.jpg?imwidth=392,"4,99 €",Grasas 12.1g de las cuales saturadas 5.4g Hidratos de Carbono 5g de los cuales azúcares 1.2g Proteínas 17.6g Sal 0.01g,No disponible,"(9,98 €/KILO)"
Café en grano natural Toscaf bolsa 500 g,https://www.dia.es/cafe-cacao-e-infusiones/cafe/p/120166,https://www.dia.es/product_images/120166/120166_ISO_0_ES.jpg?imwidth=392,"6,39 €",No disponible,No disponible,"(12,78 €/KILO)"
Café molido descafeinado Bonka paquete 250 g,https://www.dia.es/cafe-cacao-e-infusiones/cafe/p/119917,https://www.dia.es/product_images/119917/119917_ISO_0_ES.jpg?imwidth=392,"4,29 €",Grasas 11.7g de las cuales saturadas 5.3g Hidratos de Carbono 0.1g de los cuales azúcares 0.1g Fibra alimentaria 37.1g Proteínas 13.8g Sal 0.01g,No disponible,"(17,16 €/KILO)"
Café molido mezcla Bonka paquete 250 g,https://www.dia.es/cafe-cacao-e-infusiones/cafe/p/119915,https://www.dia.es/product_images/119915/119915_ISO_0_ES.jpg?imwidth=392,"3,39 €",Grasas 11.5g de las cuales saturadas 4.9g Hidratos de Carbono 0.2g de los cuales azúcares 0.2g Fibra alimentaria 42.2g Proteínas 11.5g Sal 0.01g,No disponible,"(13,56 €/KILO)"
Café en cápsulas espresso intenso descafeinado Nescafé Dolce Gusto caja 16 unidades,https://www.dia.es/cafe-cacao-e-infusiones/cafe/p/105195,https://www.dia.es/product_images/105195/105195_ISO_0_ES.jpg?imwidth=392,"4,89 €",No disponible,No disponible,"(0,31 €/UNIDAD)"
Soluble al cacao Temptation de Dia bote 900 g,https://www.dia.es/cafe-cacao-e-infusiones/cacao/p/238,https://www.dia.es/product_images/238/238_ISO_0_ES.jpg?imwidth=392,"3,40 €",Grasas 2.4g de las cuales saturadas 1.4g Hidratos de Carbono 80g de los cuales azúcares 74g Proteínas 5.3g Sal 0.05g,No disponible,"(3,78 €/KILO)"
Cacao soluble instantáneo Nesquik bote 390 g,https://www.dia.es/cafe-cacao-e-infusiones/cacao/p/204,https://www.dia.es/product_images/204/204_ISO_0_ES.jpg?imwidth=392,"3,79 €",Grasas 3.6g de las cuales saturadas 1.6g Hidratos de Carbono 78.9g de los cuales azúcares 75.1g Fibra alimentaria 7.7g Proteínas 5.1g Sal 0.41g,No disponible,"(9,72 €/KILO)"
Cacao soluble ColaCao bote 383 g,https://www.dia.es/cafe-cacao-e-infusiones/cacao/p/64150,https://www.dia.es/product_images/64150/64150_ISO_0_ES.jpg?imwidth=392,"3,79 €",Grasas 2.5g de las cuales saturadas 1.6g Hidratos de Carbono 78g de los cuales azúcares 70g Fibra alimentaria 7.8g Proteínas 6.6g Sal 0.1g Calcio 265mg Hierro 15mg Fósforo 265mg,No disponible,"(9,90 €/KILO)"
Soluble al cacao Temptation de Dia bote 500 g,https://www.dia.es/cafe-cacao-e-infusiones/cacao/p/237,https://www.dia.es/product_images/237/237_ISO_0_ES.jpg?imwidth=392,"2,59 €",Grasas 2.4g de las cuales saturadas 1.4g Hidratos de Carbono 80g de los cuales azúcares 74g Proteínas 5.3g Sal 0.05g,No disponible,"(5,18 €/KILO)"
Cacao en polvo Temptation de Dia bolsa 400 g,https://www.dia.es/cafe-cacao-e-infusiones/cacao/p/3053,https://www.dia.es/product_images/3053/3053_ISO_0_ES.jpg?imwidth=392,"1,99 €",Grasas 2.1g de las cuales saturadas 1.3g Hidratos de Carbono 82g de los cuales azúcares 65g Proteínas 4.4g Sal 0.01g,No disponible,"(4,98 €/KILO)"
Cacao instantáneo Nesquik bolsa 1.2 Kg,https://www.dia.es/cafe-cacao-e-infusiones/cacao/p/188952,https://www.dia.es/product_images/188952/188952_ISO_0_ES.jpg?imwidth=392,"7,89 €",Grasas 3.6g de las cuales saturadas 1.6g Hidratos de Carbono 78.9g de los cuales azúcares 75.1g Fibra alimentaria 7.7g Proteínas 5.1g Sal 0.41g,No disponible,"(6,58 €/KILO)"
Cacao soluble ColaCao caja 2.5 Kg,https://www.dia.es/cafe-cacao-e-infusiones/cacao/p/27083,https://www.dia.es/product_images/27083/27083_ISO_0_ES.jpg?imwidth=392,"15,99 €",Grasas 2.5g de las cuales saturadas 1.6g Hidratos de Carbono 78g de los cuales azúcares 70g Fibra alimentaria 7.8g Proteínas 6.6g Sal 0.1g Calcio 265mg Hierro 15mg Fósforo 265mg,No disponible,"(6,40 €/KILO)"
Cacao instantáneo Nesquik estuche 2 Kg,https://www.dia.es/cafe-cacao-e-infusiones/cacao/p/6196,https://www.dia.es/product_images/6196/6196_ISO_0_ES.jpg?imwidth=392,"11,19 €",Grasas 3.6g de las cuales saturadas 1.6g Hidratos de Carbono 78.9g de los cuales azúcares 75.1g Fibra alimentaria 7.7g Proteínas 5.1g Sal 0.41g,No disponible,"(5,60 €/KILO)"
Cacao puro 100% natural Valor bote 250 g,https://www.dia.es/cafe-cacao-e-infusiones/cacao/p/275800,https://www.dia.es/product_images/275800/275800_ISO_0_ES.jpg?imwidth=392,"4,85 €",Grasas 11g de las cuales saturadas 6.9g Hidratos de Carbono 17g de los cuales azúcares 1g Fibra alimentaria 34g Proteínas 25g Sal 0.05g,No disponible,"(19,40 €/KILO)"
Soluble al cacao Temptation de Dia bolsa 1.5 Kg,https://www.dia.es/cafe-cacao-e-infusiones/cacao/p/57965,https://www.dia.es/product_images/57965/57965_ISO_0_ES.jpg?imwidth=392,"5,99 €",Grasas 2.4g de las cuales saturadas 1.4g Hidratos de Carbono 80g de los cuales azúcares 74g Proteínas 5.3g Sal 0.05g,No disponible,"(3,99 €/KILO)"
Cacao soluble ColaCao bote 760 g,https://www.dia.es/cafe-cacao-e-infusiones/cacao/p/161437,https://www.dia.es/product_images/161437/161437_ISO_0_ES.jpg?imwidth=392,"6,49 €",Grasas 2.5g de las cuales saturadas 1.6g Hidratos de Carbono 78g de los cuales azúcares 70g Fibra alimentaria 7.8g Proteínas 6.6g Sal 0.1g Calcio 265mg Hierro 15mg Fósforo 265mg,No disponible,"(8,54 €/KILO)"
Soluble al cacao instantáneo Temptation de Dia bote 800 g,https://www.dia.es/cafe-cacao-e-infusiones/cacao/p/284307,https://www.dia.es/product_images/284307/284307_ISO_0_ES.jpg?imwidth=392,"3,85 €",Grasas 2.7g de las cuales saturadas 1.5g Hidratos de Carbono 81.5g Proteínas 5g Sal 0.21g Hierro 18mg Magnesio 239mg Manganeso 239mg Zinc 7.7mg,No disponible,"(4,81 €/KILO)"
Cacao soluble instantáneo Nesquik lata 700 g,https://www.dia.es/cafe-cacao-e-infusiones/cacao/p/283403,https://www.dia.es/product_images/283403/283403_ISO_0_ES.jpg?imwidth=392,"5,99 €",Grasas 3.6g de las cuales saturadas 1.6g Hidratos de Carbono 78.9g de los cuales azúcares 75.1g Fibra alimentaria 7.7g Proteínas 5.1g Sal 0.41g,No disponible,"(8,56 €/KILO)"
Cacao soluble ColaCao bote 1.2 Kg,https://www.dia.es/cafe-cacao-e-infusiones/cacao/p/16255,https://www.dia.es/product_images/16255/16255_ISO_0_ES.jpg?imwidth=392,"9,49 €",Grasas 2.4g de las cuales saturadas 1.5g Hidratos de Carbono 78g de los cuales azúcares 70g Fibra alimentaria 7.8g Proteínas 6.8g Sal 0.14g Calcio 300mg Hierro 15mg Magnesio 125mg Fósforo 245mg,No disponible,"(7,91 €/KILO)"
Cacao soluble 0% azúcares añadidos ColaCao bote 325 g,https://www.dia.es/cafe-cacao-e-infusiones/cacao/p/223308,https://www.dia.es/product_images/223308/223308_ISO_0_ES.jpg?imwidth=392,"4,29 €",Grasas 5.8g de las cuales saturadas 3.5g Hidratos de Carbono 44g de los cuales azúcares 3.5g Fibra alimentaria 24g Proteínas 12g Sal 0.25g Calcio 600mg Fósforo 700mg,No disponible,"(13,20 €/KILO)"
Cacao puro en polvo Valor bote 250 g,https://www.dia.es/cafe-cacao-e-infusiones/cacao/p/169734,https://www.dia.es/product_images/169734/169734_ISO_0_ES.jpg?imwidth=392,"4,95 €",Grasas 16g de las cuales saturadas 10g Hidratos de Carbono 16g de los cuales azúcares 0.7g Fibra alimentaria 32g Proteínas 26g Sal 0.03g,No disponible,"(19,80 €/KILO)"
Cacao soluble original ColaCao caja 4.45 Kg,https://www.dia.es/cafe-cacao-e-infusiones/cacao/p/282762,https://www.dia.es/product_images/282762/282762_ISO_0_ES.jpg?imwidth=392,"24,99 €",Grasas 2.5g de las cuales saturadas 1.6g Hidratos de Carbono 78g de los cuales azúcares 70g Fibra alimentaria 7.8g Proteínas 6.6g Sal 0.1g Calcio 265mg Hierro 15mg Fósforo 265mg,No disponible,"(5,62 €/KILO)"
Cacao soluble instantáneo 0% azúcares Nesquik bote 320 g,https://www.dia.es/cafe-cacao-e-infusiones/cacao/p/279423,https://www.dia.es/product_images/279423/279423_ISO_0_ES.jpg?imwidth=392,"4,69 €",Grasas 4.4g de las cuales saturadas 2.1g Hidratos de Carbono 25.5g de los cuales azúcares 5.9g Fibra alimentaria 54.8g Proteínas 6.6g Sal 0.21g,No disponible,"(14,66 €/KILO)"
Cacao soluble Patrulla Canina Bombón Sport bolsa 1 Kg,https://www.dia.es/cafe-cacao-e-infusiones/cacao/p/197253,https://www.dia.es/product_images/197253/197253_ISO_0_ES.jpg?imwidth=392,"4,99 €",Grasas 3g de las cuales saturadas 1.8g de las cuales monoinsaturadas 1.1g de las cuales poliinsaturadas 0.1g Hidratos de Carbono 73.4g de los cuales azúcares 64.5g Fibra alimentaria 8.7g Proteínas 6.6g Sal 0.04g Polialcoholes 0g,No disponible,"(4,99 €/KILO)"
Perlitas de chocolate blanco Dr. Oetker bolsa 100 g,https://www.dia.es/cafe-cacao-e-infusiones/cacao/p/303681,https://www.dia.es/product_images/303681/303681_ISO_0_ES.jpg?imwidth=392,"2,59 €",Grasas 28g de las cuales saturadas 17g Hidratos de Carbono 66g de los cuales azúcares 66g Proteínas 3.5g Sal 0.19g,No disponible,"(25,90 €/KILO)"
Cacao soluble intenso 70% Nesquik bote 300 g,https://www.dia.es/cafe-cacao-e-infusiones/cacao/p/279074,https://www.dia.es/product_images/279074/279074_ISO_0_ES.jpg?imwidth=392,"4,69 €",Grasas 11.9g de las cuales saturadas 6.8g Hidratos de Carbono 39.7g de los cuales azúcares 29.5g Fibra alimentaria 21.4g Proteínas 14.6g Sal 0.23g,No disponible,"(15,63 €/KILO)"
Cacao soluble instantáneo turbo ColaCao bote 750 g,https://www.dia.es/cafe-cacao-e-infusiones/cacao/p/204563,https://www.dia.es/product_images/204563/204563_ISO_0_ES.jpg?imwidth=392,"6,49 €",Grasas 3g de las cuales saturadas 1.5g Hidratos de Carbono 82g de los cuales azúcares 75g Fibra alimentaria 6g Proteínas 5.5g Sal 0.3g,No disponible,"(8,65 €/KILO)"
Cacao soluble instantáneo extra choc Nesquik bote 390 g,https://www.dia.es/cafe-cacao-e-infusiones/cacao/p/163209,https://www.dia.es/product_images/163209/163209_ISO_0_ES.jpg?imwidth=392,"4,19 €",Grasas 4.5g de las cuales saturadas 2.2g Hidratos de Carbono 70.7g de los cuales azúcares 66.8g Fibra alimentaria 10.6g Proteínas 7g Sal 0.74g,No disponible,"(10,74 €/KILO)"
Cacao soluble instantáneo noche Nesquik bote 400 g,https://www.dia.es/cafe-cacao-e-infusiones/cacao/p/14747,https://www.dia.es/product_images/14747/14747_ISO_0_ES.jpg?imwidth=392,"4,69 €",Grasas 3.4g de las cuales saturadas 1.5g Hidratos de Carbono 81.3g de los cuales azúcares 75.7g Fibra alimentaria 7g Proteínas 4.7g Sal 0.31g,No disponible,"(11,73 €/KILO)"
Manzanilla Tetería de Dia caja 25 unidades,https://www.dia.es/cafe-cacao-e-infusiones/te-e-infusiones/p/1527,https://www.dia.es/product_images/1527/1527_ISO_0_ES.jpg?imwidth=392,"0,69 €",No disponible,No disponible,"(0,03 €/UNIDAD)"
Infusión buenas noches Tetería de Dia caja 25 unidades,https://www.dia.es/cafe-cacao-e-infusiones/te-e-infusiones/p/110225,https://www.dia.es/product_images/110225/110225_ISO_0_ES.jpg?imwidth=392,"1,00 €",No disponible,No disponible,"(0,04 €/UNIDAD)"
Infusión de jengibre con limón Tetería de Dia caja 25 unidades,https://www.dia.es/cafe-cacao-e-infusiones/te-e-infusiones/p/295423,https://www.dia.es/product_images/295423/295423_ISO_0_ES.jpg?imwidth=392,"1,40 €",No disponible,No disponible,"(0,06 €/UNIDAD)"
Infusión poleo menta Tetería de Dia caja 25 unidades,https://www.dia.es/cafe-cacao-e-infusiones/te-e-infusiones/p/295421,https://www.dia.es/product_images/295421/295421_ISO_0_ES.jpg?imwidth=392,"0,81 €",No disponible,No disponible,"(0,03 €/UNIDAD)"
Té verde Tetería de Dia caja 25 unidades,https://www.dia.es/cafe-cacao-e-infusiones/te-e-infusiones/p/295425,https://www.dia.es/product_images/295425/295425_ISO_0_ES.jpg?imwidth=392,"0,94 €",No disponible,No disponible,"(0,04 €/UNIDAD)"
Té negro sabor vainilla y caramelo Tetería de Dia caja 12 unidades,https://www.dia.es/cafe-cacao-e-infusiones/te-e-infusiones/p/286149,https://www.dia.es/product_images/286149/286149_ISO_0_ES.jpg?imwidth=392,"1,89 €",No disponible,No disponible,"(0,16 €/UNIDAD)"
Té negro Tetería de Dia caja 25 unidades,https://www.dia.es/cafe-cacao-e-infusiones/te-e-infusiones/p/295422,https://www.dia.es/product_images/295422/295422_ISO_0_ES.jpg?imwidth=392,"0,90 €",No disponible,No disponible,"(0,04 €/UNIDAD)"
Té verde con hierbabuena Tetería de Dia caja 25 unidades,https://www.dia.es/cafe-cacao-e-infusiones/te-e-infusiones/p/296228,https://www.dia.es/product_images/296228/296228_ISO_0_ES.jpg?imwidth=392,"1,55 €",No disponible,No disponible,"(0,06 €/UNIDAD)"
Infusión de cúrcuma con té matcha Hornimans caja 20 unidades,https://www.dia.es/cafe-cacao-e-infusiones/te-e-infusiones/p/268924,https://www.dia.es/product_images/268924/268924_ISO_0_ES.jpg?imwidth=392,"2,79 €",Grasas 0g de las cuales saturadas 0g Hidratos de Carbono 0.5g de los cuales azúcares 0.5g Proteínas 0g Sal 0g,No disponible,"(0,14 €/UNIDAD)"
Infusión tila Tetería de Dia caja 25 unidades,https://www.dia.es/cafe-cacao-e-infusiones/te-e-infusiones/p/295467,https://www.dia.es/product_images/295467/295467_ISO_0_ES.jpg?imwidth=392,"1,06 €",No disponible,No disponible,"(0,04 €/UNIDAD)"
Manzanilla con anís Tetería de Dia caja 40 unidades,https://www.dia.es/cafe-cacao-e-infusiones/te-e-infusiones/p/177847,https://www.dia.es/product_images/177847/177847_ISO_0_ES.jpg?imwidth=392,"1,75 €",No disponible,No disponible,"(0,04 €/UNIDAD)"
Infusión quema-grasa Pompadour caja 20 unidades,https://www.dia.es/cafe-cacao-e-infusiones/te-e-infusiones/p/267623,https://www.dia.es/product_images/267623/267623_ISO_0_ES.jpg?imwidth=392,"2,79 €",No disponible,No disponible,"(0,14 €/UNIDAD)"
Té rojo aromatizado Tetería de Dia caja 25 unidades,https://www.dia.es/cafe-cacao-e-infusiones/te-e-infusiones/p/295424,https://www.dia.es/product_images/295424/295424_ISO_0_ES.jpg?imwidth=392,"1,25 €",No disponible,No disponible,"(0,05 €/UNIDAD)"
Infusión digestiva Tetería de Dia caja 25 unidades,https://www.dia.es/cafe-cacao-e-infusiones/te-e-infusiones/p/110226,https://www.dia.es/product_images/110226/110226_ISO_0_ES.jpg?imwidth=392,"1,25 €",No disponible,No disponible,"(0,05 €/UNIDAD)"
Frutos rojos con hibisco Tetería de Dia caja 12 unidades,https://www.dia.es/cafe-cacao-e-infusiones/te-e-infusiones/p/286150,https://www.dia.es/product_images/286150/286150_ISO_0_ES.jpg?imwidth=392,"1,89 €",No disponible,No disponible,"(0,16 €/UNIDAD)"
Infusión cola de caballo Pompadour caja 20 unidades,https://www.dia.es/cafe-cacao-e-infusiones/te-e-infusiones/p/188331,https://www.dia.es/product_images/188331/188331_ISO_0_ES.jpg?imwidth=392,"2,79 €",Grasas 0g de las cuales saturadas 0g Hidratos de Carbono 0.2g de los cuales azúcares 0.1g Proteínas 0g Sal 0g,No disponible,"(0,14 €/UNIDAD)"
Té classic Hornimans caja 40 unidades,https://www.dia.es/cafe-cacao-e-infusiones/te-e-infusiones/p/240824,https://www.dia.es/product_images/240824/240824_ISO_0_ES.jpg?imwidth=392,"2,99 €",No disponible,No disponible,"(0,07 €/UNIDAD)"
Infusión delgaxan fibra Pompadour caja 20 unidades,https://www.dia.es/cafe-cacao-e-infusiones/te-e-infusiones/p/286955,https://www.dia.es/product_images/286955/286955_ISO_0_ES.jpg?imwidth=392,"2,79 €",No disponible,No disponible,"(0,14 €/UNIDAD)"
Infusión manzanilla Hornimans caja 40 unidades,https://www.dia.es/cafe-cacao-e-infusiones/te-e-infusiones/p/240822,https://www.dia.es/product_images/240822/240822_ISO_0_ES.jpg?imwidth=392,"2,99 €",No disponible,No disponible,"(0,07 €/UNIDAD)"
Infusión laxsana sabor ciruela Susaron caja 20 unidades,https://www.dia.es/cafe-cacao-e-infusiones/te-e-infusiones/p/151388,https://www.dia.es/product_images/151388/151388_ISO_0_ES.jpg?imwidth=392,"2,99 €",Grasas 0g de las cuales saturadas 0g Hidratos de Carbono 0.2g de los cuales azúcares 0.1g Fibra alimentaria 0g Proteínas 0g Sal 0g,No disponible,"(0,15 €/UNIDAD)"
Infusión duerme bien Pompadour caja 20 unidades,https://www.dia.es/cafe-cacao-e-infusiones/te-e-infusiones/p/82409,https://www.dia.es/product_images/82409/82409_ISO_0_ES.jpg?imwidth=392,"2,79 €",Grasas 0g de las cuales saturadas 0g Hidratos de Carbono 0g de los cuales azúcares 0g Proteínas 0g,No disponible,"(0,14 €/UNIDAD)"
Infusión tranquilidad Compañía de las Indias caja 20 unidades,https://www.dia.es/cafe-cacao-e-infusiones/te-e-infusiones/p/56818,https://www.dia.es/product_images/56818/56818_ISO_0_ES.jpg?imwidth=392,"2,29 €",No disponible,No disponible,"(0,11 €/UNIDAD)"
Té rojo con anís y un toque de ciruela Hornimans caja 20 unidades,https://www.dia.es/cafe-cacao-e-infusiones/te-e-infusiones/p/41701,https://www.dia.es/product_images/41701/41701_ISO_0_ES.jpg?imwidth=392,"2,79 €",No disponible,No disponible,"(0,14 €/UNIDAD)"
Té verde a la menta Hornimans caja 20 unidades,https://www.dia.es/cafe-cacao-e-infusiones/te-e-infusiones/p/31913,https://www.dia.es/product_images/31913/31913_ISO_0_ES.jpg?imwidth=392,"2,79 €",No disponible,No disponible,"(0,14 €/UNIDAD)"
Infusión de melatonina y pasiflora Pompadour caja 15 unidades,https://www.dia.es/cafe-cacao-e-infusiones/te-e-infusiones/p/301869,https://www.dia.es/product_images/301869/301869_ISO_0_ES.jpg?imwidth=392,"2,95 €",No disponible,No disponible,"(0,20 €/UNIDAD)"
Infusión de propóleo y equinácea Pompadour caja 15 unidades,https://www.dia.es/cafe-cacao-e-infusiones/te-e-infusiones/p/301808,https://www.dia.es/product_images/301808/301808_ISO_0_ES.jpg?imwidth=392,"2,95 €",No disponible,No disponible,"(0,20 €/UNIDAD)"
Infusión con probióticos y manzanilla Pompadour caja 15 unidades,https://www.dia.es/cafe-cacao-e-infusiones/te-e-infusiones/p/301807,https://www.dia.es/product_images/301807/301807_ISO_0_ES.jpg?imwidth=392,"2,95 €",No disponible,No disponible,"(0,20 €/UNIDAD)"
Infusión con probióticos y jengibre Pompadour caja 15 unidades,https://www.dia.es/cafe-cacao-e-infusiones/te-e-infusiones/p/301806,https://www.dia.es/product_images/301806/301806_ISO_0_ES.jpg?imwidth=392,"2,95 €",No disponible,No disponible,"(0,20 €/UNIDAD)"
Infusión elimina gases Susaron caja 10 unidades,https://www.dia.es/cafe-cacao-e-infusiones/te-e-infusiones/p/298871,https://www.dia.es/product_images/298871/298871_ISO_0_ES.jpg?imwidth=392,"1,95 €",Grasas 0g de las cuales saturadas 0g Hidratos de Carbono 0.2g de los cuales azúcares 0.1g Fibra alimentaria 0g Proteínas 0g Sal 0g,No disponible,"(0,20 €/UNIDAD)"
Infusión relax Tetería de Dia caja 25 unidades,https://www.dia.es/cafe-cacao-e-infusiones/te-e-infusiones/p/296229,https://www.dia.es/product_images/296229/296229_ISO_0_ES.jpg?imwidth=392,"1,25 €",No disponible,No disponible,"(0,05 €/UNIDAD)"
Infusión de jengibre y limón Hornimans caja 15 unidades,https://www.dia.es/cafe-cacao-e-infusiones/te-e-infusiones/p/294768,https://www.dia.es/product_images/294768/294768_ISO_0_ES.jpg?imwidth=392,"2,79 €",Grasas 0g de las cuales saturadas 0g Hidratos de Carbono 0.2g de los cuales azúcares 0g Proteínas 0g Sal 0g,No disponible,"(0,19 €/UNIDAD)"
Infusión de jengibre y arándanos Hornimans caja 15 unidades,https://www.dia.es/cafe-cacao-e-infusiones/te-e-infusiones/p/294767,https://www.dia.es/product_images/294767/294767_ISO_0_ES.jpg?imwidth=392,"2,79 €",Grasas 0g de las cuales saturadas 0g Hidratos de Carbono 0.2g de los cuales azúcares 0g Proteínas 0g Sal 0g,No disponible,"(0,19 €/UNIDAD)"
Infusión de jengibre y naranja Hornimans caja 15 unidades,https://www.dia.es/cafe-cacao-e-infusiones/te-e-infusiones/p/294766,https://www.dia.es/product_images/294766/294766_ISO_0_ES.jpg?imwidth=392,"2,79 €",Grasas 0g de las cuales saturadas 0g Hidratos de Carbono 0.2g de los cuales azúcares 0g Proteínas 0g Sal 0g,No disponible,"(0,19 €/UNIDAD)"
"Infusión de maca con jengibre, canela y naranja Hornimans caja 20 unidades",https://www.dia.es/cafe-cacao-e-infusiones/te-e-infusiones/p/288254,https://www.dia.es/product_images/288254/288254_ISO_0_ES.jpg?imwidth=392,"2,79 €",Grasas 0g de las cuales saturadas 0g Hidratos de Carbono 0.2g de los cuales azúcares 0.1g Proteínas 0g Sal 0g,No disponible,"(0,14 €/UNIDAD)"
Rooibos y pétalos de girasol Tetería de Dia caja 12 unidades,https://www.dia.es/cafe-cacao-e-infusiones/te-e-infusiones/p/286151,https://www.dia.es/product_images/286151/286151_ISO_0_ES.jpg?imwidth=392,"1,89 €",No disponible,No disponible,"(0,16 €/UNIDAD)"
Té verde kombucha con jengibre y limón Hornimans caja 20 unidades,https://www.dia.es/cafe-cacao-e-infusiones/te-e-infusiones/p/278699,https://www.dia.es/product_images/278699/278699_ISO_0_ES.jpg?imwidth=392,"2,79 €",No disponible,No disponible,"(0,14 €/UNIDAD)"
Infusión de arándanos Hornimans caja 20 unidades,https://www.dia.es/cafe-cacao-e-infusiones/te-e-infusiones/p/268925,https://www.dia.es/product_images/268925/268925_ISO_0_ES.jpg?imwidth=392,"2,79 €",Grasas 0g de las cuales saturadas 0g Hidratos de Carbono 0.2g de los cuales azúcares 0.1g Proteínas 0g Sal 0g,No disponible,"(0,14 €/UNIDAD)"
Infusión infu relax Hornimans caja 20 unidades,https://www.dia.es/cafe-cacao-e-infusiones/te-e-infusiones/p/26006,https://www.dia.es/product_images/26006/26006_ISO_0_ES.jpg?imwidth=392,"2,79 €",Grasas 0g de las cuales saturadas 0g Hidratos de Carbono 0g de los cuales azúcares 0g Proteínas 0g Sal 0g,No disponible,"(0,14 €/UNIDAD)"
Infusión tila Hornimans caja 40 unidades,https://www.dia.es/cafe-cacao-e-infusiones/te-e-infusiones/p/240825,https://www.dia.es/product_images/240825/240825_ISO_0_ES.jpg?imwidth=392,"2,99 €",No disponible,No disponible,"(0,07 €/UNIDAD)"
Infusión poleo menta Hornimans caja 40 unidades,https://www.dia.es/cafe-cacao-e-infusiones/te-e-infusiones/p/240823,https://www.dia.es/product_images/240823/240823_ISO_0_ES.jpg?imwidth=392,"2,99 €",No disponible,No disponible,"(0,07 €/UNIDAD)"
Infusión jengibre con y limón Pompadour caja 20 unidades,https://www.dia.es/cafe-cacao-e-infusiones/te-e-infusiones/p/210857,https://www.dia.es/product_images/210857/210857_ISO_0_ES.jpg?imwidth=392,"2,79 €",Grasas 0g de las cuales saturadas 0g Hidratos de Carbono 0g de los cuales azúcares 0g Proteínas 0g Sal 0g,No disponible,"(0,14 €/UNIDAD)"
Infusión manzanilla con miel Hornimans caja 25 unidades,https://www.dia.es/cafe-cacao-e-infusiones/te-e-infusiones/p/209379,https://www.dia.es/product_images/209379/209379_ISO_0_ES.jpg?imwidth=392,"2,15 €",No disponible,No disponible,"(0,09 €/UNIDAD)"
Té verde con jengibre y naranja Pompadour caja 20 unidades,https://www.dia.es/cafe-cacao-e-infusiones/te-e-infusiones/p/190200,https://www.dia.es/product_images/190200/190200_ISO_0_ES.jpg?imwidth=392,"2,79 €",Grasas 0g de las cuales saturadas 0g Hidratos de Carbono 0g de los cuales azúcares 0g Proteínas 0g Sal 0g,No disponible,"(0,14 €/UNIDAD)"
Té verde extra puro Hornimans caja 20 unidades,https://www.dia.es/cafe-cacao-e-infusiones/te-e-infusiones/p/184953,https://www.dia.es/product_images/184953/184953_ISO_0_ES.jpg?imwidth=392,"2,79 €",No disponible,No disponible,"(0,14 €/UNIDAD)"
Infusión digestive Pompadour caja 20 unidades,https://www.dia.es/cafe-cacao-e-infusiones/te-e-infusiones/p/168966,https://www.dia.es/product_images/168966/168966_ISO_0_ES.jpg?imwidth=392,"2,79 €",Grasas 0g de las cuales saturadas 0g Hidratos de Carbono 0g de los cuales azúcares 0g Proteínas 0g,No disponible,"(0,14 €/UNIDAD)"
Infusión manzanilla con y anís Hornimans caja 25 unidades,https://www.dia.es/cafe-cacao-e-infusiones/te-e-infusiones/p/154331,https://www.dia.es/product_images/154331/154331_ISO_0_ES.jpg?imwidth=392,"2,15 €",No disponible,No disponible,"(0,09 €/UNIDAD)"
Té slim con té matcha Hornimans caja 20 unidades,https://www.dia.es/cafe-cacao-e-infusiones/te-e-infusiones/p/143549,https://www.dia.es/product_images/143549/143549_ISO_0_ES.jpg?imwidth=392,"2,79 €",Grasas 0g de las cuales saturadas 0g Hidratos de Carbono 0.2g de los cuales azúcares 0.1g Proteínas 0g Sal 0g,No disponible,"(0,14 €/UNIDAD)"
Infu sueños Hornimans caja 20 unidades,https://www.dia.es/cafe-cacao-e-infusiones/te-e-infusiones/p/143547,https://www.dia.es/product_images/143547/143547_ISO_0_ES.jpg?imwidth=392,"2,79 €",Grasas 0g de las cuales saturadas 0g Hidratos de Carbono 0.2g de los cuales azúcares 0.1g Proteínas 0g Sal 0g,No disponible,"(0,14 €/UNIDAD)"
Infusión frutal frambuesa y rooibos Hornimans caja 20 unidades,https://www.dia.es/cafe-cacao-e-infusiones/te-e-infusiones/p/117461,https://www.dia.es/product_images/117461/117461_ISO_0_ES.jpg?imwidth=392,"2,79 €",No disponible,No disponible,"(0,14 €/UNIDAD)"
Azúcar blanco Dia paquete 1 Kg,https://www.dia.es/azucar-chocolates-y-caramelos/azucar-y-edulcorantes/p/81798,https://www.dia.es/product_images/81798/81798_ISO_0_ES.jpg?imwidth=392,"1,10 €",Hidratos de Carbono 100g de los cuales azúcares 100g Proteínas 0.5g Sal 0.01g,No disponible,"(1,10 €/KILO)"
Azúcar blanco Azucarera paquete 1 Kg,https://www.dia.es/azucar-chocolates-y-caramelos/azucar-y-edulcorantes/p/178,https://www.dia.es/product_images/178/178_ISO_0_ES.jpg?imwidth=392,"1,15 €",Grasas 0g de las cuales saturadas 0g Hidratos de Carbono 100g de los cuales azúcares 100g Proteínas 0g Sal 0g Polialcoholes 0g,No disponible,"(1,15 €/KILO)"
Azúcar moreno de caña integral Sidul bolsa 1 Kg,https://www.dia.es/azucar-chocolates-y-caramelos/azucar-y-edulcorantes/p/298968,https://www.dia.es/product_images/298968/298968_ISO_0_ES.jpg?imwidth=392,"1,85 €",Grasas 0g de las cuales saturadas 0g Hidratos de Carbono 100g de los cuales azúcares 100g Proteínas 0.5g Sal 0.01g,No disponible,"(1,85 €/KILO)"
Edulcorante líquido Dia botella 200 ml,https://www.dia.es/azucar-chocolates-y-caramelos/azucar-y-edulcorantes/p/198631,https://www.dia.es/product_images/198631/198631_ISO_0_ES.jpg?imwidth=392,"1,13 €",No disponible,No disponible,"(5,65 €/LITRO)"
Edulcorante Dia bote 50 g,https://www.dia.es/azucar-chocolates-y-caramelos/azucar-y-edulcorantes/p/108416,https://www.dia.es/product_images/108416/108416_ISO_0_ES.jpg?imwidth=392,"1,11 €",No disponible,No disponible,"(22,20 €/KILO)"
Azúcar moreno de caña integral Azucarera brik 800 g,https://www.dia.es/azucar-chocolates-y-caramelos/azucar-y-edulcorantes/p/42570,https://www.dia.es/product_images/42570/42570_ISO_0_ES.jpg?imwidth=392,"1,79 €",Grasas 0g de las cuales saturadas 0g Hidratos de Carbono 95g de los cuales azúcares 95g Proteínas 0g Sal 0g Polialcoholes 0g,No disponible,"(2,24 €/KILO)"
Panela azúcar moreno de caña integral Azucarera bolsa 500 g,https://www.dia.es/azucar-chocolates-y-caramelos/azucar-y-edulcorantes/p/256649,https://www.dia.es/product_images/256649/256649_ISO_0_ES.jpg?imwidth=392,"1,99 €",Grasas 0g de las cuales saturadas 0g Hidratos de Carbono 94g de los cuales azúcares 94g Proteínas 0g Sal 0g Polialcoholes 0g,No disponible,"(3,98 €/KILO)"
Azúcar blanco en sobres Dia caja 300 g,https://www.dia.es/azucar-chocolates-y-caramelos/azucar-y-edulcorantes/p/265464,https://www.dia.es/product_images/265464/265464_ISO_0_ES.jpg?imwidth=392,"1,15 €",Grasas 0g de las cuales saturadas 0g Hidratos de Carbono 100g de los cuales azúcares 100g Proteínas 0g Sal 0g,No disponible,"(3,83 €/KILO)"
Edulcorante Dia frasco 150 unidades,https://www.dia.es/azucar-chocolates-y-caramelos/azucar-y-edulcorantes/p/210776,https://www.dia.es/product_images/210776/210776_ISO_0_ES.jpg?imwidth=392,"1,70 €",Hidratos de Carbono 0.3g de los cuales azúcares 0.3g,No disponible,"(0,01 €/UNIDAD)"
Azúcar moreno en sobres Dia caja 300 g,https://www.dia.es/azucar-chocolates-y-caramelos/azucar-y-edulcorantes/p/265466,https://www.dia.es/product_images/265466/265466_ISO_0_ES.jpg?imwidth=392,"1,29 €",Grasas 0g de las cuales saturadas 0g Hidratos de Carbono 100g de los cuales azúcares 100g Proteínas 0g Sal 0.01g,No disponible,"(4,30 €/KILO)"
Edulcorante en polvo Dia bote 200 g,https://www.dia.es/azucar-chocolates-y-caramelos/azucar-y-edulcorantes/p/222283,https://www.dia.es/product_images/222283/222283_ISO_0_ES.jpg?imwidth=392,"3,29 €",Hidratos de Carbono 100g de los cuales azúcares 100g,No disponible,"(16,45 €/KILO)"
Azúcar glacé Dia bote 300 g,https://www.dia.es/azucar-chocolates-y-caramelos/azucar-y-edulcorantes/p/265465,https://www.dia.es/product_images/265465/265465_ISO_0_ES.jpg?imwidth=392,"1,59 €",Grasas 0g de las cuales saturadas 0g Hidratos de Carbono 100g de los cuales azúcares 95g Proteínas 0g Sal 0g,No disponible,"(5,30 €/KILO)"
Edulcorante en sobres Bonsweet caja 102 unidades,https://www.dia.es/azucar-chocolates-y-caramelos/azucar-y-edulcorantes/p/300198,https://www.dia.es/product_images/300198/300198_ISO_0_ES.jpg?imwidth=392,"2,99 €",No disponible,No disponible,"(29,31 €/KILO)"
Azúcar moreno integral en terrones Azucarera caja 500 g,https://www.dia.es/azucar-chocolates-y-caramelos/azucar-y-edulcorantes/p/189181,https://www.dia.es/product_images/189181/189181_ISO_0_ES.jpg?imwidth=392,"1,79 €",Grasas 0g de las cuales saturadas 0g Hidratos de Carbono 95g de los cuales azúcares 95g Proteínas 0g Sal 0g Polialcoholes 0g,No disponible,"(3,58 €/KILO)"
Sirope de ágave Azucarera botella 360 g,https://www.dia.es/azucar-chocolates-y-caramelos/azucar-y-edulcorantes/p/250209,https://www.dia.es/product_images/250209/250209_ISO_0_ES.jpg?imwidth=392,"2,99 €",Grasas 0g de las cuales saturadas 0g Hidratos de Carbono 69g de los cuales azúcares 69g Fibra alimentaria 4g Proteínas 0g Sal 0g,No disponible,"(8,31 €/KILO)"
Azúcar blanco en azucarillos Azucarera caja 300 g,https://www.dia.es/azucar-chocolates-y-caramelos/azucar-y-edulcorantes/p/168448,https://www.dia.es/product_images/168448/168448_ISO_0_ES.jpg?imwidth=392,"1,25 €",Grasas 0g de las cuales saturadas 0g Hidratos de Carbono 100g de los cuales azúcares 100g Proteínas 0g Sal 0g Polialcoholes 0g,No disponible,"(4,17 €/KILO)"
Eritritol Natur Wassy bolsa 200 g,https://www.dia.es/azucar-chocolates-y-caramelos/azucar-y-edulcorantes/p/294594,https://www.dia.es/product_images/294594/294594_ISO_0_ES.jpg?imwidth=392,"3,19 €",Grasas 0g de las cuales saturadas 0g Hidratos de Carbono 0g de los cuales azúcares 0g Proteínas 0g Sal 0g,No disponible,"(15,95 €/KILO)"
Endulzante de stevia 0 calorías Truvia caja 40 unidades,https://www.dia.es/azucar-chocolates-y-caramelos/azucar-y-edulcorantes/p/147768,https://www.dia.es/product_images/147768/147768_ISO_0_ES.jpg?imwidth=392,"2,15 €",Grasas 0g de las cuales saturadas 0g Hidratos de Carbono 99g de los cuales azúcares 0g Proteínas 0g Sal 0g Polialcoholes 99g,No disponible,"(0,05 €/UNIDAD)"
Edulcorante en comprimidos Bonsweet caja 650 unidades,https://www.dia.es/azucar-chocolates-y-caramelos/azucar-y-edulcorantes/p/300200,https://www.dia.es/product_images/300200/300200_ISO_0_ES.jpg?imwidth=392,"1,89 €",No disponible,No disponible,"(48,46 €/KILO)"
Edulcorante líquido Dia botella 150 ml,https://www.dia.es/azucar-chocolates-y-caramelos/azucar-y-edulcorantes/p/222282,https://www.dia.es/product_images/222282/222282_ISO_0_ES.jpg?imwidth=392,"1,71 €",No disponible,No disponible,"(13,68 €/LITRO)"
Azúcar blanco Azucarera brik 800 g,https://www.dia.es/azucar-chocolates-y-caramelos/azucar-y-edulcorantes/p/34828,https://www.dia.es/product_images/34828/34828_ISO_0_ES.jpg?imwidth=392,"1,19 €",Grasas 0g de las cuales saturadas 0g Hidratos de Carbono 100g de los cuales azúcares 100g Proteínas 0g Sal 0g Polialcoholes 0g,No disponible,"(1,49 €/KILO)"
Azúcar extrafino especial repostería Azucarera brik 500 g,https://www.dia.es/azucar-chocolates-y-caramelos/azucar-y-edulcorantes/p/300417,https://www.dia.es/product_images/300417/300417_ISO_0_ES.jpg?imwidth=392,"1,25 €",No disponible,No disponible,"(2,50 €/KILO)"
Azúcar moreno de caña integral Azucarera brik 500 g,https://www.dia.es/azucar-chocolates-y-caramelos/azucar-y-edulcorantes/p/300415,https://www.dia.es/product_images/300415/300415_ISO_0_ES.jpg?imwidth=392,"1,25 €",Grasas 0g de las cuales saturadas 0g Hidratos de Carbono 95g de los cuales azúcares 95g Proteínas 0g Sal 0g Polialcoholes 0g,No disponible,"(2,50 €/KILO)"
Edulcorante granulado en sobres Natreen caja 90 unidades,https://www.dia.es/azucar-chocolates-y-caramelos/azucar-y-edulcorantes/p/280010,https://www.dia.es/product_images/280010/280010_ISO_0_ES.jpg?imwidth=392,"4,29 €",Grasas 0g de las cuales saturadas 0g Hidratos de Carbono 96g de los cuales azúcares 96g Proteínas 0.9g Sal 0g,No disponible,"(0,05 €/UNIDAD)"
Azúcar moreno de caña Azucarera bolsa 750 g,https://www.dia.es/azucar-chocolates-y-caramelos/azucar-y-edulcorantes/p/252282,https://www.dia.es/product_images/252282/252282_ISO_0_ES.jpg?imwidth=392,"2,49 €",Grasas 0g de las cuales saturadas 0g Hidratos de Carbono 95g de los cuales azúcares 95g Proteínas 0g Sal 0g Polialcoholes 0g,No disponible,"(3,32 €/KILO)"
Panela ecológica Green panela bolsa 500 g,https://www.dia.es/azucar-chocolates-y-caramelos/azucar-y-edulcorantes/p/246320,https://www.dia.es/product_images/246320/246320_ISO_0_ES.jpg?imwidth=392,"2,49 €",Grasas 0g de las cuales saturadas 0g Hidratos de Carbono 98g de los cuales azúcares 97g Fibra alimentaria 0g Proteínas 0g Sal 0g,No disponible,"(4,98 €/KILO)"
Azúcar glacé seda Azucarera bote 500 g,https://www.dia.es/azucar-chocolates-y-caramelos/azucar-y-edulcorantes/p/215452,https://www.dia.es/product_images/215452/215452_ISO_0_ES.jpg?imwidth=392,"2,50 €",Grasas 0g de las cuales saturadas 0g Hidratos de Carbono 100g de los cuales azúcares 100g Proteínas 0g Sal 0g Polialcoholes 0g,No disponible,"(5,00 €/KILO)"
Edulcorante Natreen caja 400 unidades,https://www.dia.es/azucar-chocolates-y-caramelos/azucar-y-edulcorantes/p/187421,https://www.dia.es/product_images/187421/187421_ISO_0_ES.jpg?imwidth=392,"4,09 €",Grasas 0g de las cuales saturadas 0g Hidratos de Carbono 1g de los cuales azúcares 0g Proteínas 0g Sal 35g,No disponible,"(0,01 €/UNIDAD)"
Azúcar moreno de caña en sobres Azucarera caja 400 g,https://www.dia.es/azucar-chocolates-y-caramelos/azucar-y-edulcorantes/p/187420,https://www.dia.es/product_images/187420/187420_ISO_0_ES.jpg?imwidth=392,"1,75 €",Grasas 0g de las cuales saturadas 0g Hidratos de Carbono 95g de los cuales azúcares 95g Proteínas 0g Sal 0g Polialcoholes 0g,No disponible,"(4,38 €/KILO)"
Miel de flores Mielove de Dia frasco 1 Kg,https://www.dia.es/azucar-chocolates-y-caramelos/miel/p/297,https://www.dia.es/product_images/297/297_ISO_0_ES.jpg?imwidth=392,"4,40 €",Grasas 0g de las cuales saturadas 0g Hidratos de Carbono 82.5g de los cuales azúcares 76.2g Proteínas 0.2g Sal 0.04g,No disponible,"(4,40 €/KILO)"
Miel de flores antigoteo Mielove de Dia frasco 500 g,https://www.dia.es/azucar-chocolates-y-caramelos/miel/p/133109,https://www.dia.es/product_images/133109/133109_ISO_0_ES.jpg?imwidth=392,"3,05 €",Grasas 0g de las cuales saturadas 0g Hidratos de Carbono 82.5g de los cuales azúcares 76.2g Proteínas 0.2g Sal 0.04g,No disponible,"(6,10 €/KILO)"
Miel de azahar Mielove de Dia frasco 350 g,https://www.dia.es/azucar-chocolates-y-caramelos/miel/p/222955,https://www.dia.es/product_images/222955/222955_ISO_0_ES.jpg?imwidth=392,"3,19 €",Grasas 0g de las cuales saturadas 0g Hidratos de Carbono 83g de los cuales azúcares 77g Proteínas 0g Sal 0g,No disponible,"(9,11 €/KILO)"
Miel de romero Mielove de Dia frasco 350 g,https://www.dia.es/azucar-chocolates-y-caramelos/miel/p/222953,https://www.dia.es/product_images/222953/222953_ISO_0_ES.jpg?imwidth=392,"3,49 €",Grasas 0g de las cuales saturadas 0g Hidratos de Carbono 83g de los cuales azúcares 77g Proteínas 0g Sal 0g,No disponible,"(9,97 €/KILO)"
Miel de eucalipto Mielove de Dia frasco 350 g,https://www.dia.es/azucar-chocolates-y-caramelos/miel/p/222956,https://www.dia.es/product_images/222956/222956_ISO_0_ES.jpg?imwidth=392,"3,19 €",Grasas 0g de las cuales saturadas 0g Hidratos de Carbono 83g de los cuales azúcares 77g Proteínas 0g Sal 0g,No disponible,"(9,11 €/KILO)"
Miel de flores La obrera frasco 500 g,https://www.dia.es/azucar-chocolates-y-caramelos/miel/p/304248,https://www.dia.es/product_images/304248/304248_ISO_0_ES.jpg?imwidth=392,"4,45 €",No disponible,No disponible,"(8,90 €/KILO)"
Miel de montaña Mielove de Dia frasco 500 g,https://www.dia.es/azucar-chocolates-y-caramelos/miel/p/302704,https://www.dia.es/product_images/302704/302704_ISO_0_ES.jpg?imwidth=392,"4,85 €",Grasas 0g de las cuales saturadas 0g Hidratos de Carbono 83g de los cuales azúcares 76g Proteínas 0g Sal 0g,No disponible,"(9,70 €/KILO)"
Miel de flores antigoteo Granja san fancisco bote 350 g,https://www.dia.es/azucar-chocolates-y-caramelos/miel/p/17255,https://www.dia.es/product_images/17255/17255_ISO_0_ES.jpg?imwidth=392,"5,50 €",Grasas 0.2g de las cuales saturadas 0g Hidratos de Carbono 79g de los cuales azúcares 79g Proteínas 0.3g Sal 0.03g,No disponible,"(15,71 €/KILO)"
Sirope de caña antigoteo Ramiflor frasco 500 g,https://www.dia.es/azucar-chocolates-y-caramelos/miel/p/274320,https://www.dia.es/product_images/274320/274320_ISO_0_ES.jpg?imwidth=392,"3,50 €",Grasas 0g de las cuales saturadas 0g Hidratos de Carbono 81.1g de los cuales azúcares 78.9g Proteínas 0.6g Sal 0g,No disponible,"(7,00 €/KILO)"
Mermelada de fresa extra Fruticampo de Dia frasco 390 g,https://www.dia.es/azucar-chocolates-y-caramelos/mermeladas-y-frutas-en-almibar/p/135272,https://www.dia.es/product_images/135272/135272_ISO_0_ES.jpg?imwidth=392,"1,00 €",Grasas 0g de las cuales saturadas 0g Hidratos de Carbono 48g de los cuales azúcares 46.6g Proteínas 0.5g Sal 0g,No disponible,"(2,56 €/KILO)"
Dulce de membrillo Fruticampo de Dia tarrina 350 g,https://www.dia.es/azucar-chocolates-y-caramelos/mermeladas-y-frutas-en-almibar/p/277824,https://www.dia.es/product_images/277824/277824_ISO_0_ES.jpg?imwidth=392,"1,00 €",Hidratos de Carbono 63g de los cuales azúcares 58g Proteínas 0.3g Sal 0.9g,No disponible,"(2,86 €/KILO)"
Piña en su jugo en rodajas Fruticampo de Dia lata 490 g,https://www.dia.es/azucar-chocolates-y-caramelos/mermeladas-y-frutas-en-almibar/p/4916,https://www.dia.es/product_images/4916/4916_ISO_0_ES.jpg?imwidth=392,"1,95 €",Grasas 0g de las cuales saturadas 0g Hidratos de Carbono 15g de los cuales azúcares 15g Proteínas 0.4g Sal 0.02g,No disponible,"(3,98 €/KILO)"
Mermelada de melocotón extra Fruticampo de Dia frasco 390 g,https://www.dia.es/azucar-chocolates-y-caramelos/mermeladas-y-frutas-en-almibar/p/135271,https://www.dia.es/product_images/135271/135271_ISO_0_ES.jpg?imwidth=392,"1,50 €",Grasas 0g de las cuales saturadas 0g Hidratos de Carbono 48g de los cuales azúcares 46.5g Proteínas 0.5g Sal 0g,No disponible,"(3,85 €/KILO)"
Mermelada de fresa 0% sin azúcares añadidos Fruticampo de Dia frasco 330 g,https://www.dia.es/azucar-chocolates-y-caramelos/mermeladas-y-frutas-en-almibar/p/141570,https://www.dia.es/product_images/141570/141570_ISO_0_ES.jpg?imwidth=392,"1,60 €",Grasas 0g de las cuales saturadas 0g Hidratos de Carbono 3.6g de los cuales azúcares 2.1g Proteínas 0.5g Sal 0g,No disponible,"(4,85 €/KILO)"
Melocotón en almíbar en mitades Sueños Dia lata 480 g,https://www.dia.es/azucar-chocolates-y-caramelos/mermeladas-y-frutas-en-almibar/p/270,https://www.dia.es/product_images/270/270_ISO_0_ES.jpg?imwidth=392,"2,05 €",Grasas 0.5g de las cuales saturadas 0g Hidratos de Carbono 14.2g de los cuales azúcares 14g Proteínas 0.5g Sal 0.01g,No disponible,"(4,27 €/KILO)"
Mermelada de melocotón extra Fruticampo de Dia frasco 650 g,https://www.dia.es/azucar-chocolates-y-caramelos/mermeladas-y-frutas-en-almibar/p/20586,https://www.dia.es/product_images/20586/20586_ISO_0_ES.jpg?imwidth=392,"2,39 €",Grasas 0g de las cuales saturadas 0g Hidratos de Carbono 48g de los cuales azúcares 46.5g Proteínas 0.5g Sal 0g,No disponible,"(3,68 €/KILO)"
Mermelada de albaricoque extra Fruticampo de Dia frasco 390 g,https://www.dia.es/azucar-chocolates-y-caramelos/mermeladas-y-frutas-en-almibar/p/148313,https://www.dia.es/product_images/148313/148313_ISO_0_ES.jpg?imwidth=392,"1,50 €",Grasas 0g de las cuales saturadas 0g Hidratos de Carbono 48g de los cuales azúcares 47g Proteínas 0.5g Sal 0g,No disponible,"(3,85 €/KILO)"
Mermelada de arándanos extra Fruticampo de Dia frasco 320 g,https://www.dia.es/azucar-chocolates-y-caramelos/mermeladas-y-frutas-en-almibar/p/212874,https://www.dia.es/product_images/212874/212874_ISO_0_ES.jpg?imwidth=392,"2,10 €",Grasas 0.5g de las cuales saturadas 0g Hidratos de Carbono 48g de los cuales azúcares 44g Proteínas 0.5g Sal 0.02g,No disponible,"(6,56 €/KILO)"
Mermelada de fresa Helios blister 10 x 25 g,https://www.dia.es/azucar-chocolates-y-caramelos/mermeladas-y-frutas-en-almibar/p/261228,https://www.dia.es/product_images/261228/261228_ISO_0_ES.jpg?imwidth=392,"1,79 €",Grasas 0g de las cuales saturadas 0g Hidratos de Carbono 58g de los cuales azúcares 57.2g Proteínas 0.4g Sal 0g,No disponible,"(7,16 €/KILO)"
Mermelada de frutas del bosque extra Fruticampo de Dia frasco 320 g,https://www.dia.es/azucar-chocolates-y-caramelos/mermeladas-y-frutas-en-almibar/p/212871,https://www.dia.es/product_images/212871/212871_ISO_0_ES.jpg?imwidth=392,"2,10 €",Grasas 0.5g de las cuales saturadas 0g Hidratos de Carbono 48g de los cuales azúcares 43g Proteínas 0.5g Sal 0.03g,No disponible,"(6,56 €/KILO)"
Piña en su jugo en rodajas Fruticampo de Dia lata 3 x 137 g,https://www.dia.es/azucar-chocolates-y-caramelos/mermeladas-y-frutas-en-almibar/p/1807,https://www.dia.es/product_images/1807/1807_ISO_0_ES.jpg?imwidth=392,"2,43 €",Grasas 0g de las cuales saturadas 0g Hidratos de Carbono 15g de los cuales azúcares 15g Proteínas 0.4g Sal 0.02g,No disponible,"(5,83 €/KILO)"
Mermelada de fresa La vieja fábrica frasco 280 g,https://www.dia.es/azucar-chocolates-y-caramelos/mermeladas-y-frutas-en-almibar/p/301390,https://www.dia.es/product_images/301390/301390_ISO_0_ES.jpg?imwidth=392,"2,69 €",Grasas 0g de las cuales saturadas 0g Hidratos de Carbono 52g de los cuales azúcares 52g Fibra alimentaria 0.4g Proteínas 0.5g Sal 0g,No disponible,"(9,61 €/KILO)"
Mermelada de frambuesa La vieja fábrica frasco 280 g,https://www.dia.es/azucar-chocolates-y-caramelos/mermeladas-y-frutas-en-almibar/p/301443,https://www.dia.es/product_images/301443/301443_ISO_0_ES.jpg?imwidth=392,"2,69 €",Grasas 0g de las cuales saturadas 0g Hidratos de Carbono 50g de los cuales azúcares 50g Fibra alimentaria 1.8g Proteínas 0.6g Sal 0g,No disponible,"(9,61 €/KILO)"
Mermelada de melocotón extra sin azúcares añadidos Fruticampo de Dia frasco 330 g,https://www.dia.es/azucar-chocolates-y-caramelos/mermeladas-y-frutas-en-almibar/p/143249,https://www.dia.es/product_images/143249/143249_ISO_0_ES.jpg?imwidth=392,"1,59 €",Grasas 0g de las cuales saturadas 0g Hidratos de Carbono 5.4g de los cuales azúcares 4.4g Proteínas 0.5g Sal 0g,No disponible,"(4,82 €/KILO)"
Melocotón en almíbar Fruticampo de Dia lata 3 x 115 g,https://www.dia.es/azucar-chocolates-y-caramelos/mermeladas-y-frutas-en-almibar/p/75604,https://www.dia.es/product_images/75604/75604_ISO_0_ES.jpg?imwidth=392,"2,35 €",Grasas 0.5g de las cuales saturadas 0g Hidratos de Carbono 14.2g de los cuales azúcares 14g Proteínas 0.5g Sal 0.01g,No disponible,"(6,81 €/KILO)"
Mermelada de fresa extra Fruticampo de Dia frasco 650 g,https://www.dia.es/azucar-chocolates-y-caramelos/mermeladas-y-frutas-en-almibar/p/20568,https://www.dia.es/product_images/20568/20568_ISO_0_ES.jpg?imwidth=392,"2,39 €",Grasas 0g de las cuales saturadas 0g Hidratos de Carbono 48g de los cuales azúcares 46.6g Proteínas 0.5g Sal 0g,No disponible,"(3,68 €/KILO)"
Mermelada de higo extra 60% fruta Fruticampo de Dia frasco 320 g,https://www.dia.es/azucar-chocolates-y-caramelos/mermeladas-y-frutas-en-almibar/p/183577,https://www.dia.es/product_images/183577/183577_ISO_0_ES.jpg?imwidth=392,"1,99 €",Grasas 0g de las cuales saturadas 0g Hidratos de Carbono 44g de los cuales azúcares 42.5g Proteínas 0.5g Sal 0g,No disponible,"(6,22 €/KILO)"
Mermelada de tomate extra Fruticampo de Dia frasco 320 g,https://www.dia.es/azucar-chocolates-y-caramelos/mermeladas-y-frutas-en-almibar/p/213266,https://www.dia.es/product_images/213266/213266_ISO_0_ES.jpg?imwidth=392,"1,42 €",Grasas 0.5g Hidratos de Carbono 48g de los cuales azúcares 43g Proteínas 0.7g Sal 0.05g,No disponible,"(4,44 €/KILO)"
Mermelada de naranja amarga Fruticampo de Dia frasco 310 g,https://www.dia.es/azucar-chocolates-y-caramelos/mermeladas-y-frutas-en-almibar/p/213265,https://www.dia.es/product_images/213265/213265_ISO_0_ES.jpg?imwidth=392,"1,50 €",Grasas 0.5g de las cuales saturadas 0g Hidratos de Carbono 60g de los cuales azúcares 50g Proteínas 0.5g Sal 0.02g,No disponible,"(4,84 €/KILO)"
Mermelada de fresa extra Helios frasco 340 g,https://www.dia.es/azucar-chocolates-y-caramelos/mermeladas-y-frutas-en-almibar/p/78698,https://www.dia.es/product_images/78698/78698_ISO_0_ES.jpg?imwidth=392,"2,00 €",Grasas 0g de las cuales saturadas 0g Hidratos de Carbono 44g de los cuales azúcares 42.7g Fibra alimentaria 1.3g Proteínas 0.5g Sal 0g,No disponible,"(5,88 €/KILO)"
Mermelada de melocotón extra Helios frasco 340 g,https://www.dia.es/azucar-chocolates-y-caramelos/mermeladas-y-frutas-en-almibar/p/59513,https://www.dia.es/product_images/59513/59513_ISO_0_ES.jpg?imwidth=392,"2,00 €",Grasas 0g de las cuales saturadas 0g Hidratos de Carbono 44g de los cuales azúcares 43.2g Fibra alimentaria 0.8g Proteínas 0.5g Sal 0g,No disponible,"(5,88 €/KILO)"
Melocotón en almíbar sin azúcares añadidos en mitades Sueños Dia lata 480 g,https://www.dia.es/azucar-chocolates-y-caramelos/mermeladas-y-frutas-en-almibar/p/49588,https://www.dia.es/product_images/49588/49588_ISO_0_ES.jpg?imwidth=392,"2,25 €",Grasas 0.5g de las cuales saturadas 0g Hidratos de Carbono 8.4g de los cuales azúcares 3.7g Proteínas 0.5g Sal 0.01g,No disponible,"(4,69 €/KILO)"
Mermelada de melocotón extra sin azúcares añadidos Helios frasco 280 g,https://www.dia.es/azucar-chocolates-y-caramelos/mermeladas-y-frutas-en-almibar/p/38094,https://www.dia.es/product_images/38094/38094_ISO_0_ES.jpg?imwidth=392,"2,05 €",Grasas 0g de las cuales saturadas 0g Hidratos de Carbono 17g de los cuales azúcares 5.4g Proteínas 0.5g Sal 0g,No disponible,"(7,32 €/KILO)"
Mermelada de cerezas 0% azúcares añadidos Hero frasco 280 g,https://www.dia.es/azucar-chocolates-y-caramelos/mermeladas-y-frutas-en-almibar/p/303873,https://www.dia.es/product_images/303873/303873_ISO_0_ES.jpg?imwidth=392,"2,99 €",Grasas 0.3g de las cuales saturadas 0g Hidratos de Carbono 12.5g de los cuales azúcares 7.2g Fibra alimentaria 1.9g Proteínas 0.5g Sal 0g Polialcoholes 5.3g,No disponible,"(10,68 €/KILO)"
Piña en su jugo en trozos Norvi lata 270 g,https://www.dia.es/azucar-chocolates-y-caramelos/mermeladas-y-frutas-en-almibar/p/302081,https://www.dia.es/product_images/302081/302081_ISO_0_ES.jpg?imwidth=392,"1,89 €",Grasas 0.5g de las cuales saturadas 0g Hidratos de Carbono 13g de los cuales azúcares 13g Proteínas 0.5g Sal 0.01g,No disponible,"(7,00 €/KILO)"
Mermelada de fresa de Huelva Helios Purafruta frasco 250 g,https://www.dia.es/azucar-chocolates-y-caramelos/mermeladas-y-frutas-en-almibar/p/301821,https://www.dia.es/product_images/301821/301821_ISO_0_ES.jpg?imwidth=392,"2,99 €",Grasas 0g de las cuales saturadas 0g Hidratos de Carbono 32g de los cuales azúcares 30g Fibra alimentaria 2g Proteínas 0.8g Sal 0.01g Polialcoholes 0g,No disponible,"(11,96 €/KILO)"
Mermelada de naranja amarga La vieja fábrica frasco 280 g,https://www.dia.es/azucar-chocolates-y-caramelos/mermeladas-y-frutas-en-almibar/p/301393,https://www.dia.es/product_images/301393/301393_ISO_0_ES.jpg?imwidth=392,"2,59 €",Grasas 0g de las cuales saturadas 0g Hidratos de Carbono 65g de los cuales azúcares 65g Fibra alimentaria 0.3g Proteínas 0.4g Sal 0g,No disponible,"(9,25 €/KILO)"
Mermelada de melocotón La vieja fábrica frasco 280 g,https://www.dia.es/azucar-chocolates-y-caramelos/mermeladas-y-frutas-en-almibar/p/301392,https://www.dia.es/product_images/301392/301392_ISO_0_ES.jpg?imwidth=392,"2,59 €",Grasas 0g de las cuales saturadas 0g Hidratos de Carbono 55g de los cuales azúcares 55g Fibra alimentaria 0.7g Proteínas 0.6g Sal 0g,No disponible,"(9,25 €/KILO)"
Mermelada de frutas del bosque La vieja fábrica frasco 280 g,https://www.dia.es/azucar-chocolates-y-caramelos/mermeladas-y-frutas-en-almibar/p/301391,https://www.dia.es/product_images/301391/301391_ISO_0_ES.jpg?imwidth=392,"2,69 €",Grasas 0g de las cuales saturadas 0g Hidratos de Carbono 50g de los cuales azúcares 50g Fibra alimentaria 1g Proteínas 0.6g Sal 0g,No disponible,"(9,61 €/KILO)"
Frutas variadas en almíbar Sueños Dia lata 500 g,https://www.dia.es/azucar-chocolates-y-caramelos/mermeladas-y-frutas-en-almibar/p/29873,https://www.dia.es/product_images/29873/29873_ISO_0_ES.jpg?imwidth=392,"2,59 €",Grasas 0.1g de las cuales saturadas 0g Hidratos de Carbono 18.9g de los cuales azúcares 17.3g Proteínas 0.3g Sal 0.02g,No disponible,"(5,18 €/KILO)"
Tiras de melocotón en almíbar Norvi lata 3 x 115 g,https://www.dia.es/azucar-chocolates-y-caramelos/mermeladas-y-frutas-en-almibar/p/297096,https://www.dia.es/product_images/297096/297096_ISO_0_ES.jpg?imwidth=392,"2,75 €",No disponible,No disponible,"(7,97 €/KILO)"
Mermelada de albaricoque diet La vieja fabrica frasco 280 g,https://www.dia.es/azucar-chocolates-y-caramelos/mermeladas-y-frutas-en-almibar/p/295435,https://www.dia.es/product_images/295435/295435_ISO_0_ES.jpg?imwidth=392,"2,79 €",Grasas 0g de las cuales saturadas 0g Hidratos de Carbono 42g de los cuales azúcares 42g Proteínas 0.3g Sal 0g,No disponible,"(9,96 €/KILO)"
Macedonia de frutas en almíbar Diamir lata 480 g,https://www.dia.es/azucar-chocolates-y-caramelos/mermeladas-y-frutas-en-almibar/p/282596,https://www.dia.es/product_images/282596/282596_ISO_0_ES.jpg?imwidth=392,"2,89 €",Grasas 0g de las cuales saturadas 0g Hidratos de Carbono 16g de los cuales azúcares 15g Proteínas 0.5g Sal 0g,No disponible,"(6,02 €/KILO)"
Mermelada de albaricoque 0% azúcares añadidos Hero frasco 280 g,https://www.dia.es/azucar-chocolates-y-caramelos/mermeladas-y-frutas-en-almibar/p/279374,https://www.dia.es/product_images/279374/279374_ISO_0_ES.jpg?imwidth=392,"2,69 €",Grasas 0.2g de las cuales saturadas 0g Hidratos de Carbono 12.3g de los cuales azúcares 5.2g Fibra alimentaria 1.8g Proteínas 0.8g Sal 0g Polialcoholes 7.1g,No disponible,"(9,61 €/KILO)"
Mermelada de albaricoque de temporada Hero frasco 350 g,https://www.dia.es/azucar-chocolates-y-caramelos/mermeladas-y-frutas-en-almibar/p/279373,https://www.dia.es/product_images/279373/279373_ISO_0_ES.jpg?imwidth=392,"3,05 €",Grasas 0.2g de las cuales saturadas 0g Hidratos de Carbono 57g de los cuales azúcares 50g Fibra alimentaria 0.9g Proteínas 0.6g Sal 0g,No disponible,"(8,71 €/KILO)"
Carne de membrillo Fruticampo de Dia tarrina 250 g,https://www.dia.es/azucar-chocolates-y-caramelos/mermeladas-y-frutas-en-almibar/p/277825,https://www.dia.es/product_images/277825/277825_ISO_0_ES.jpg?imwidth=392,"2,19 €",Grasas 0.1g Hidratos de Carbono 69g de los cuales azúcares 61g Proteínas 0.3g Sal 0.02g,No disponible,"(8,76 €/KILO)"
Confitura de fresa Bonne maman frasco 370 g,https://www.dia.es/azucar-chocolates-y-caramelos/mermeladas-y-frutas-en-almibar/p/277503,https://www.dia.es/product_images/277503/277503_ISO_0_ES.jpg?imwidth=392,"3,15 €",Grasas 0.1g de las cuales saturadas 0g Hidratos de Carbono 59g de los cuales azúcares 59g Fibra alimentaria 1.2g Proteínas 0.4g Sal 0g,No disponible,"(8,51 €/KILO)"
Piña en su jugo en rodajas Del monte lata 3 x 140 g,https://www.dia.es/azucar-chocolates-y-caramelos/mermeladas-y-frutas-en-almibar/p/276992,https://www.dia.es/product_images/276992/276992_ISO_0_ES.jpg?imwidth=392,"4,59 €",No disponible,No disponible,"(10,93 €/KILO)"
Piña en su jugo en rodajas Del monte lata 510 g,https://www.dia.es/azucar-chocolates-y-caramelos/mermeladas-y-frutas-en-almibar/p/276991,https://www.dia.es/product_images/276991/276991_ISO_0_ES.jpg?imwidth=392,"4,19 €",No disponible,No disponible,"(8,22 €/KILO)"
Mermelada de ciruela extra sin azúcares añadidos Helios frasco 280 g,https://www.dia.es/azucar-chocolates-y-caramelos/mermeladas-y-frutas-en-almibar/p/263733,https://www.dia.es/product_images/263733/263733_ISO_0_ES.jpg?imwidth=392,"2,05 €",Grasas 0g de las cuales saturadas 0g Hidratos de Carbono 16g de los cuales azúcares 4.5g Proteínas 0.5g Sal 0g,No disponible,"(7,32 €/KILO)"
Mermelada fusión 7 frutas La vieja fabrica frasco 280 g,https://www.dia.es/azucar-chocolates-y-caramelos/mermeladas-y-frutas-en-almibar/p/259181,https://www.dia.es/product_images/259181/259181_ISO_0_ES.jpg?imwidth=392,"2,89 €",Grasas 0g de las cuales saturadas 0g Hidratos de Carbono 52g de los cuales azúcares 52g Fibra alimentaria 1.9g Proteínas 0.3g Sal 0g,No disponible,"(10,32 €/KILO)"
Mermelada de ciruela 0% azúcares añadidos Hero frasco 280 g,https://www.dia.es/azucar-chocolates-y-caramelos/mermeladas-y-frutas-en-almibar/p/246216,https://www.dia.es/product_images/246216/246216_ISO_0_ES.jpg?imwidth=392,"2,69 €",Grasas 0g de las cuales saturadas 0g Hidratos de Carbono 12.8g de los cuales azúcares 5g Fibra alimentaria 1.4g Proteínas 0.4g Sal 0g Polialcoholes 7.8g,No disponible,"(9,61 €/KILO)"
Mermelada de melocotón 0% azúcares añadidos Hero frasco 280 g,https://www.dia.es/azucar-chocolates-y-caramelos/mermeladas-y-frutas-en-almibar/p/246214,https://www.dia.es/product_images/246214/246214_ISO_0_ES.jpg?imwidth=392,"2,69 €",Grasas 0.1g de las cuales saturadas 0g Hidratos de Carbono 13.2g de los cuales azúcares 4.6g Fibra alimentaria 1.5g Proteínas 0.5g Sal 0g Polialcoholes 8.6g,No disponible,"(9,61 €/KILO)"
Mermelada de fresas 0% azúcares añadidos Hero frasco 280 g,https://www.dia.es/azucar-chocolates-y-caramelos/mermeladas-y-frutas-en-almibar/p/246213,https://www.dia.es/product_images/246213/246213_ISO_0_ES.jpg?imwidth=392,"2,69 €",Grasas 0.2g de las cuales saturadas 0g Hidratos de Carbono 12.6g de los cuales azúcares 3.2g Fibra alimentaria 1.8g Proteínas 0.4g Sal 0g Polialcoholes 9.3g,No disponible,"(9,61 €/KILO)"
Mermelada de melocotón diet La vieja fabrica frasco 280 g,https://www.dia.es/azucar-chocolates-y-caramelos/mermeladas-y-frutas-en-almibar/p/232314,https://www.dia.es/product_images/232314/232314_ISO_0_ES.jpg?imwidth=392,"2,79 €",Grasas 0.2g de las cuales saturadas 0g Hidratos de Carbono 42g de los cuales azúcares 42g Proteínas 0.6g Sal 0.3g,No disponible,"(9,96 €/KILO)"
Mermelada de frambuesa diet La vieja fábrica frasco 280 g,https://www.dia.es/azucar-chocolates-y-caramelos/mermeladas-y-frutas-en-almibar/p/229936,https://www.dia.es/product_images/229936/229936_ISO_0_ES.jpg?imwidth=392,"2,99 €",Grasas 0g de las cuales saturadas 0g Hidratos de Carbono 40g de los cuales azúcares 40g Proteínas 0.8g Sal 0g,No disponible,"(10,68 €/KILO)"
Mermelada de fresa extra sin azúcares añadidos Helios frasco 280 g,https://www.dia.es/azucar-chocolates-y-caramelos/mermeladas-y-frutas-en-almibar/p/215966,https://www.dia.es/product_images/215966/215966_ISO_0_ES.jpg?imwidth=392,"2,05 €",Grasas 0g de las cuales saturadas 0g Hidratos de Carbono 17g de los cuales azúcares 4.2g Proteínas 0.5g Sal 0g,No disponible,"(7,32 €/KILO)"
Mermelada de frutas silvestres extra Fruticampo de Dia frasco 320 g,https://www.dia.es/azucar-chocolates-y-caramelos/mermeladas-y-frutas-en-almibar/p/212873,https://www.dia.es/product_images/212873/212873_ISO_0_ES.jpg?imwidth=392,"2,39 €",Grasas 0.5g de las cuales saturadas 0g Hidratos de Carbono 48g de los cuales azúcares 40g Proteínas 0.7g Sal 0.03g,No disponible,"(7,47 €/KILO)"
Mermelada de frambuesa extra Fruticampo de Dia frasco 320 g,https://www.dia.es/azucar-chocolates-y-caramelos/mermeladas-y-frutas-en-almibar/p/212872,https://www.dia.es/product_images/212872/212872_ISO_0_ES.jpg?imwidth=392,"2,39 €",Grasas 0.5g Hidratos de Carbono 48g de los cuales azúcares 43g Proteínas 0.7g Sal 0.02g,No disponible,"(7,47 €/KILO)"
Mermelada de ciruela extra Fruticampo de Dia frasco 650 g,https://www.dia.es/azucar-chocolates-y-caramelos/mermeladas-y-frutas-en-almibar/p/20577,https://www.dia.es/product_images/20577/20577_ISO_0_ES.jpg?imwidth=392,"2,39 €",Grasas 0g de las cuales saturadas 0g Hidratos de Carbono 48g de los cuales azúcares 46.6g Proteínas 0.5g Sal 0g,No disponible,"(3,68 €/KILO)"
Mermelada de albaricoque extra Fruticampo de Dia frasco 650 g,https://www.dia.es/azucar-chocolates-y-caramelos/mermeladas-y-frutas-en-almibar/p/20572,https://www.dia.es/product_images/20572/20572_ISO_0_ES.jpg?imwidth=392,"2,39 €",Grasas 0g de las cuales saturadas 0g Hidratos de Carbono 48g de los cuales azúcares 47g Proteínas 0.5g Sal 0g,No disponible,"(3,68 €/KILO)"
Mermelada de arándanos La vieja fabrica frasco 280 g,https://www.dia.es/azucar-chocolates-y-caramelos/mermeladas-y-frutas-en-almibar/p/203442,https://www.dia.es/product_images/203442/203442_ISO_0_ES.jpg?imwidth=392,"2,79 €",Grasas 0g de las cuales saturadas 0g Hidratos de Carbono 52g de los cuales azúcares 52g Fibra alimentaria 1g Proteínas 0.7g Sal 0g,No disponible,"(9,96 €/KILO)"
Mermelada de albaricoque extra Helios frasco 340 g,https://www.dia.es/azucar-chocolates-y-caramelos/mermeladas-y-frutas-en-almibar/p/187209,https://www.dia.es/product_images/187209/187209_ISO_0_ES.jpg?imwidth=392,"2,00 €",Grasas 0g de las cuales saturadas 0g Hidratos de Carbono 44g de los cuales azúcares 42.7g Proteínas 0.5g Sal 0g,No disponible,"(5,88 €/KILO)"
Mermelada de ciruela y kiwi extra 60% fruta Fruticampo de Dia frasco 320 g,https://www.dia.es/azucar-chocolates-y-caramelos/mermeladas-y-frutas-en-almibar/p/183576,https://www.dia.es/product_images/183576/183576_ISO_0_ES.jpg?imwidth=392,"1,99 €",Grasas 0g de las cuales saturadas 0g Hidratos de Carbono 44g de los cuales azúcares 42g Proteínas 0.5g Sal 0g,No disponible,"(6,22 €/KILO)"
Mermelada de naranja amarga diet La vieja fabrica frasco 290 g,https://www.dia.es/azucar-chocolates-y-caramelos/mermeladas-y-frutas-en-almibar/p/181197,https://www.dia.es/product_images/181197/181197_ISO_0_ES.jpg?imwidth=392,"2,79 €",Grasas 0g de las cuales saturadas 0g Hidratos de Carbono 52g de los cuales azúcares 52g Proteínas 0.4g Sal 0g,No disponible,"(9,62 €/KILO)"
Mermelada de fresas diet La vieja fábrica frasco 280 g,https://www.dia.es/azucar-chocolates-y-caramelos/mermeladas-y-frutas-en-almibar/p/176702,https://www.dia.es/product_images/176702/176702_ISO_0_ES.jpg?imwidth=392,"2,99 €",Grasas 0g de las cuales saturadas 0g Hidratos de Carbono 42g de los cuales azúcares 42g Proteínas 0.4g Sal 0g,No disponible,"(10,68 €/KILO)"
Mermelada de melocotón de temporada Hero frasco 350 g,https://www.dia.es/azucar-chocolates-y-caramelos/mermeladas-y-frutas-en-almibar/p/161432,https://www.dia.es/product_images/161432/161432_ISO_0_ES.jpg?imwidth=392,"2,60 €",Grasas 0.1g de las cuales saturadas 0g Hidratos de Carbono 56g de los cuales azúcares 50g Fibra alimentaria 1.2g Proteínas 0.3g Sal 0g,No disponible,"(7,43 €/KILO)"
Mermelada de fresas de temporada de Huelva Hero frasco 350 g,https://www.dia.es/azucar-chocolates-y-caramelos/mermeladas-y-frutas-en-almibar/p/161423,https://www.dia.es/product_images/161423/161423_ISO_0_ES.jpg?imwidth=392,"2,60 €",Grasas 0.1g de las cuales saturadas 0g Hidratos de Carbono 53g de los cuales azúcares 50g Fibra alimentaria 2g Proteínas 0.6g Sal 0g,No disponible,"(7,43 €/KILO)"
Mermelada de ciruela extra Fruticampo de Dia frasco 390 g,https://www.dia.es/azucar-chocolates-y-caramelos/mermeladas-y-frutas-en-almibar/p/141571,https://www.dia.es/product_images/141571/141571_ISO_0_ES.jpg?imwidth=392,"1,55 €",Grasas 0g de las cuales saturadas 0g Hidratos de Carbono 48g de los cuales azúcares 46.6g Proteínas 0.5g Sal 0g,No disponible,"(3,97 €/KILO)"
Crema de cacao con avellanas dúo Temptation de Dia bote 400 g,https://www.dia.es/azucar-chocolates-y-caramelos/cremas-de-cacao/p/10446,https://www.dia.es/product_images/10446/10446_ISO_0_ES.jpg?imwidth=392,"1,85 €",Grasas 31g de las cuales saturadas 5g Hidratos de Carbono 60g de los cuales azúcares 59g Proteínas 4.2g Sal 0.11g,No disponible,"(4,63 €/KILO)"
Crema de cacao con avellanas Temptation de Dia bote 400 g,https://www.dia.es/azucar-chocolates-y-caramelos/cremas-de-cacao/p/10445,https://www.dia.es/product_images/10445/10445_ISO_0_ES.jpg?imwidth=392,"1,85 €",Grasas 32g de las cuales saturadas 5g Hidratos de Carbono 57g de los cuales azúcares 56g Proteínas 4.5g Sal 0.09g,No disponible,"(4,63 €/KILO)"
Crema de cacao con avellanas Nutella bote 350 g,https://www.dia.es/azucar-chocolates-y-caramelos/cremas-de-cacao/p/49869,https://www.dia.es/product_images/49869/49869_ISO_0_ES.jpg?imwidth=392,"3,95 €",Grasas 30.9g de las cuales saturadas 10.6g Hidratos de Carbono 57.5g de los cuales azúcares 56.3g Proteínas 6.3g Sal 0.11g,No disponible,"(11,29 €/KILO)"
Crema de cacao con avellanas cookies&cream Nocilla bote 180 g,https://www.dia.es/azucar-chocolates-y-caramelos/cremas-de-cacao/p/291054,https://www.dia.es/product_images/291054/291054_ISO_0_ES.jpg?imwidth=392,"2,99 €",Grasas 31g de las cuales saturadas 5.9g de las cuales monoinsaturadas 22g de las cuales poliinsaturadas 2.6g Hidratos de Carbono 63g de los cuales azúcares 60g Fibra alimentaria 0.7g Proteínas 4.1g Sal 0.29g,No disponible,"(16,61 €/KILO)"
Sticks con crema de cacao y leche de avellanas Nocilla caja 60 g,https://www.dia.es/azucar-chocolates-y-caramelos/cremas-de-cacao/p/226688,https://www.dia.es/product_images/226688/226688_ISO_0_ES.jpg?imwidth=392,"1,00 €",Grasas 23g de las cuales saturadas 4.1g Hidratos de Carbono 64g de los cuales azúcares 40g Fibra alimentaria 2.4g Proteínas 6.6g Sal 0.53g,No disponible,"(16,67 €/KILO)"
Crema de cacao con avellanas original Nocilla bote 360 g,https://www.dia.es/azucar-chocolates-y-caramelos/cremas-de-cacao/p/101751,https://www.dia.es/product_images/101751/101751_ISO_0_ES.jpg?imwidth=392,"3,65 €",Grasas 32g de las cuales saturadas 5.9g de las cuales monoinsaturadas 23g de las cuales poliinsaturadas 2.7g Hidratos de Carbono 58g de los cuales azúcares 56g Fibra alimentaria 3g Proteínas 4.8g Sal 0.1g,No disponible,"(10,14 €/KILO)"
Crema de cacao y leche de avellanas dúo Nocilla bote 360 g,https://www.dia.es/azucar-chocolates-y-caramelos/cremas-de-cacao/p/101748,https://www.dia.es/product_images/101748/101748_ISO_0_ES.jpg?imwidth=392,"3,65 €",Grasas 31g de las cuales saturadas 5.7g de las cuales monoinsaturadas 23g de las cuales poliinsaturadas 2.7g Hidratos de Carbono 60g de los cuales azúcares 59g Fibra alimentaria 1.8g Proteínas 4.2g Sal 0.14g Calcio 128mg Fósforo 150mg,No disponible,"(10,14 €/KILO)"
Crema de galletas para untar Lotus Biscoff bote 400 g,https://www.dia.es/azucar-chocolates-y-caramelos/cremas-de-cacao/p/265005,https://www.dia.es/product_images/265005/265005_ISO_0_ES.jpg?imwidth=392,"3,49 €",Grasas 38.1g de las cuales saturadas 7.6g Hidratos de Carbono 57g de los cuales azúcares 36.8g Fibra alimentaria 0.8g Proteínas 2.9g Sal 0.54g,No disponible,"(8,73 €/KILO)"
Crema de cacao y leche de avellanas dúo 0% azúcares añadidos Nocilla bote 180 g,https://www.dia.es/azucar-chocolates-y-caramelos/cremas-de-cacao/p/268342,https://www.dia.es/product_images/268342/268342_ISO_0_ES.jpg?imwidth=392,"2,99 €",Grasas 30g de las cuales saturadas 5.5g de las cuales monoinsaturadas 22g de las cuales poliinsaturadas 2.7g Hidratos de Carbono 53g de los cuales azúcares 7.5g Fibra alimentaria 10g Proteínas 4.2g Sal 0.16g Polialcoholes 44g,No disponible,"(16,61 €/KILO)"
Crema de cacahuete Just loading frasco 500 g,https://www.dia.es/azucar-chocolates-y-caramelos/cremas-de-cacao/p/271523,https://www.dia.es/product_images/271523/271523_ISO_0_ES.jpg?imwidth=392,"3,19 €",Grasas 52.5g de las cuales saturadas 8.7g Hidratos de Carbono 15.3g de los cuales azúcares 4.2g Fibra alimentaria 9.4g Proteínas 28g Sal 0g Magnesio 176mg,No disponible,"(6,38 €/KILO)"
Dulce de leche Mardel frasco 450 g,https://www.dia.es/azucar-chocolates-y-caramelos/cremas-de-cacao/p/87057,https://www.dia.es/product_images/87057/87057_ISO_0_ES.jpg?imwidth=392,"3,15 €",Grasas 6g de las cuales saturadas 4.1g Hidratos de Carbono 57g de los cuales azúcares 57g Proteínas 7g Sal 0.4g,No disponible,"(7,00 €/KILO)"
Crema de cacao con avellanas 0% azúcares añadidos Nocilla bote 180 g,https://www.dia.es/azucar-chocolates-y-caramelos/cremas-de-cacao/p/233970,https://www.dia.es/product_images/233970/233970_ISO_0_ES.jpg?imwidth=392,"2,99 €",Grasas 29g de las cuales saturadas 5.4g de las cuales monoinsaturadas 21g de las cuales poliinsaturadas 2.6g Hidratos de Carbono 53g de los cuales azúcares 5.1g Fibra alimentaria 11g Proteínas 4.3g Sal 0.1g Polialcoholes 46g,No disponible,"(16,61 €/KILO)"
Sticks con crema de cacao con avellanas Nocilla caja 60 g,https://www.dia.es/azucar-chocolates-y-caramelos/cremas-de-cacao/p/226743,https://www.dia.es/product_images/226743/226743_ISO_0_ES.jpg?imwidth=392,"1,00 €",Grasas 23g de las cuales saturadas 4.2g Hidratos de Carbono 63g de los cuales azúcares 38g Fibra alimentaria 3.2g Proteínas 7g Sal 0.5g,No disponible,"(16,67 €/KILO)"
Crema de cacao con avellanas Milka bote 340 g,https://www.dia.es/azucar-chocolates-y-caramelos/cremas-de-cacao/p/270872,https://www.dia.es/product_images/270872/270872_ISO_0_ES.jpg?imwidth=392,"2,99 €",Grasas 34g de las cuales saturadas 4.6g Hidratos de Carbono 58g de los cuales azúcares 57g Fibra alimentaria 2.1g Proteínas 3.8g Sal 0.18g,No disponible,"(8,79 €/KILO)"
Crema de cacao con avellanas Nutella bote 200 g,https://www.dia.es/azucar-chocolates-y-caramelos/cremas-de-cacao/p/113078,https://www.dia.es/product_images/113078/113078_ISO_0_ES.jpg?imwidth=392,"2,69 €",Grasas 30.9g de las cuales saturadas 10.6g Hidratos de Carbono 57.5g de los cuales azúcares 56.3g Proteínas 6.3g Sal 0.11g,No disponible,"(13,45 €/KILO)"
Crema de cacao y leche de avellanas dúo Nocilla bote 180 g,https://www.dia.es/azucar-chocolates-y-caramelos/cremas-de-cacao/p/101750,https://www.dia.es/product_images/101750/101750_ISO_0_ES.jpg?imwidth=392,"2,59 €",Grasas 31g de las cuales saturadas 5.7g de las cuales monoinsaturadas 23g de las cuales poliinsaturadas 2.7g Hidratos de Carbono 60g de los cuales azúcares 59g Fibra alimentaria 1.8g Proteínas 4.2g Sal 0.14g Calcio 128mg Fósforo 150mg,No disponible,"(14,39 €/KILO)"
Crema de cacao con avellanas original Nocilla bote 620 g,https://www.dia.es/azucar-chocolates-y-caramelos/cremas-de-cacao/p/20019,https://www.dia.es/product_images/20019/20019_ISO_0_ES.jpg?imwidth=392,"5,69 €",Grasas 32g de las cuales saturadas 5.9g de las cuales monoinsaturadas 23g de las cuales poliinsaturadas 2.7g Hidratos de Carbono 58g de los cuales azúcares 56g Fibra alimentaria 3g Proteínas 4.8g Sal 0.1g,No disponible,"(9,18 €/KILO)"
Crema de cacao y leche de avellanas dúo Nocilla bote 620 g,https://www.dia.es/azucar-chocolates-y-caramelos/cremas-de-cacao/p/19896,https://www.dia.es/product_images/19896/19896_ISO_0_ES.jpg?imwidth=392,"5,69 €",Grasas 31g de las cuales saturadas 5.7g de las cuales monoinsaturadas 23g de las cuales poliinsaturadas 2.7g Hidratos de Carbono 60g de los cuales azúcares 59g Fibra alimentaria 1.8g Proteínas 4.2g Sal 0.14g Calcio 128mg Fósforo 150mg,No disponible,"(9,18 €/KILO)"
Crema de cacahuete Just loading frasco 475 g,https://www.dia.es/azucar-chocolates-y-caramelos/cremas-de-cacao/p/290808,https://www.dia.es/product_images/290808/290808_ISO_0_ES.jpg?imwidth=392,"3,39 €",Grasas 52.5g de las cuales saturadas 8.7g Hidratos de Carbono 15.3g de los cuales azúcares 4.2g Fibra alimentaria 9.4g Proteínas 28g Sal 0g Magnesio 176mg,No disponible,"(7,14 €/KILO)"
Crema de cacao con avellanas original Nocilla bote 180 g,https://www.dia.es/azucar-chocolates-y-caramelos/cremas-de-cacao/p/101749,https://www.dia.es/product_images/101749/101749_ISO_0_ES.jpg?imwidth=392,"2,59 €",Grasas 32g de las cuales saturadas 5.9g de las cuales monoinsaturadas 23g de las cuales poliinsaturadas 2.7g Hidratos de Carbono 58g de los cuales azúcares 56g Fibra alimentaria 3g Proteínas 4.8g Sal 0.1g,No disponible,"(14,39 €/KILO)"
Chocolate blanco con relleno de galleta filipinos Nestlé Extrafino 84 g,https://www.dia.es/azucar-chocolates-y-caramelos/chocolates-y-bombones/p/297962,https://www.dia.es/product_images/297962/297962_ISO_0_ES.jpg?imwidth=392,"1,00 €",Grasas 33.5g de las cuales saturadas 18.9g Hidratos de Carbono 58.7g de los cuales azúcares 46.6g Fibra alimentaria 1.2g Proteínas 4.4g Sal 0.07g,No disponible,"(11,90 €/KILO)"
Chocolate con leche y almendras Temptation de Dia 150 g,https://www.dia.es/azucar-chocolates-y-caramelos/chocolates-y-bombones/p/82868,https://www.dia.es/product_images/82868/82868_ISO_0_ES.jpg?imwidth=392,"1,50 €",Grasas 34g de las cuales saturadas 17g Hidratos de Carbono 49g de los cuales azúcares 48g Proteínas 9.9g Sal 0.17g,No disponible,"(10,00 €/KILO)"
Chocolate blanco Temptation de Dia 100 g,https://www.dia.es/azucar-chocolates-y-caramelos/chocolates-y-bombones/p/300066,https://www.dia.es/product_images/300066/300066_ISO_0_ES.jpg?imwidth=392,"1,15 €",Grasas 31g de las cuales saturadas 19g Hidratos de Carbono 59g de los cuales azúcares 59g Proteínas 6g Sal 0.3g,No disponible,"(11,50 €/KILO)"
Chocolate con leche Milka 125 g,https://www.dia.es/azucar-chocolates-y-caramelos/chocolates-y-bombones/p/66565,https://www.dia.es/product_images/66565/66565_ISO_0_ES.jpg?imwidth=392,"1,40 €",Grasas 31g de las cuales saturadas 19g Hidratos de Carbono 57g de los cuales azúcares 55g Fibra alimentaria 2.3g Proteínas 6.5g Sal 0.28g,3x2 en selección mondelez,No disponible
Chocolate negro 85% cacao sin azúcares añadidos Temptation de Dia 100 g,https://www.dia.es/azucar-chocolates-y-caramelos/chocolates-y-bombones/p/300058,https://www.dia.es/product_images/300058/300058_ISO_0_ES.jpg?imwidth=392,"1,70 €",Grasas 48g de las cuales saturadas 31g Hidratos de Carbono 20g de los cuales azúcares 0.9g Proteínas 10g Sal 0.08g Polialcoholes 13g,No disponible,"(17,00 €/KILO)"
Chocolate con leche crujiente Temptation de Dia 75 g,https://www.dia.es/azucar-chocolates-y-caramelos/chocolates-y-bombones/p/300057,https://www.dia.es/product_images/300057/300057_ISO_0_ES.jpg?imwidth=392,"0,85 €",Grasas 27g de las cuales saturadas 16g Hidratos de Carbono 62g de los cuales azúcares 54g Proteínas 5.9g Sal 0.24g,No disponible,"(11,33 €/KILO)"
Chocolate negro 74% cacao Temptation de Dia 100 g,https://www.dia.es/azucar-chocolates-y-caramelos/chocolates-y-bombones/p/235070,https://www.dia.es/product_images/235070/235070_ISO_0_ES.jpg?imwidth=392,"1,59 €",Grasas 40g de las cuales saturadas 25g Hidratos de Carbono 31g de los cuales azúcares 27g Proteínas 9.3g Sal 0.06g,No disponible,"(15,90 €/KILO)"
Chocolate negro con almendras enteras Temptation de Dia 200 g,https://www.dia.es/azucar-chocolates-y-caramelos/chocolates-y-bombones/p/58237,https://www.dia.es/product_images/58237/58237_ISO_0_ES.jpg?imwidth=392,"2,15 €",Grasas 38g de las cuales saturadas 16g Hidratos de Carbono 38g de los cuales azúcares 16g Proteínas 38g Sal 35g,No disponible,"(10,75 €/KILO)"
Barritas de chocolate con leche y avellanas Temptation de Dia bolsa 115 g,https://www.dia.es/azucar-chocolates-y-caramelos/chocolates-y-bombones/p/205200,https://www.dia.es/product_images/205200/205200_ISO_0_ES.jpg?imwidth=392,"1,65 €",Grasas 27.7g de las cuales saturadas 10.6g Hidratos de Carbono 65.3g de los cuales azúcares 52.7g Proteínas 4.2g Sal 0.17g,No disponible,"(14,35 €/KILO)"
Chocolate con leche y avellanas Temptation de Dia 150 g,https://www.dia.es/azucar-chocolates-y-caramelos/chocolates-y-bombones/p/82867,https://www.dia.es/product_images/82867/82867_ISO_0_ES.jpg?imwidth=392,"1,50 €",Grasas 35g de las cuales saturadas 17g Hidratos de Carbono 51g de los cuales azúcares 48g Proteínas 8.3g Sal 0.18g,No disponible,"(10,00 €/KILO)"
Chocolate relleno de avellana caramelizada y galleta Temptation de Dia 100 g,https://www.dia.es/azucar-chocolates-y-caramelos/chocolates-y-bombones/p/300975,https://www.dia.es/product_images/300975/300975_ISO_0_ES.jpg?imwidth=392,"1,25 €",Grasas 33g de las cuales saturadas 21g Hidratos de Carbono 55g de los cuales azúcares 53g Fibra alimentaria 2.1g Proteínas 6.6g Sal 0.26g,No disponible,"(12,50 €/KILO)"
Barritas de barquillo recubierta de chocolate con leche Huesitos bolsa 200 g,https://www.dia.es/azucar-chocolates-y-caramelos/chocolates-y-bombones/p/91974,https://www.dia.es/product_images/91974/91974_ISO_0_ES.jpg?imwidth=392,"2,45 €",Grasas 23g de las cuales saturadas 13g Hidratos de Carbono 66g de los cuales azúcares 42g Proteínas 7g Sal 0g,No disponible,"(12,25 €/KILO)"
Chocolate con leche Dolca 100 g,https://www.dia.es/azucar-chocolates-y-caramelos/chocolates-y-bombones/p/254523,https://www.dia.es/product_images/254523/254523_ISO_0_ES.jpg?imwidth=392,"1,05 €",Grasas 27.8g de las cuales saturadas 16.1g Hidratos de Carbono 62.9g de los cuales azúcares 61.8g Fibra alimentaria 1.1g Proteínas 5.3g Sal 0.4g Calcio 133mg,No disponible,"(10,50 €/KILO)"
Chocolate negro para postres Temptation de Dia 200 g,https://www.dia.es/azucar-chocolates-y-caramelos/chocolates-y-bombones/p/3266,https://www.dia.es/product_images/3266/3266_ISO_0_ES.jpg?imwidth=392,"2,35 €",Grasas 32g de las cuales saturadas 19g Hidratos de Carbono 48g de los cuales azúcares 45g Proteínas 6.3g Sal 0.01g,No disponible,"(11,75 €/KILO)"
Chocolate con leche Nestlé Extrafino 3 x 125 g,https://www.dia.es/azucar-chocolates-y-caramelos/chocolates-y-bombones/p/46581,https://www.dia.es/product_images/46581/46581_ISO_0_ES.jpg?imwidth=392,"3,99 €",Grasas 30.8g de las cuales saturadas 17.7g Hidratos de Carbono 58.9g de los cuales azúcares 57.8g Fibra alimentaria 1.8g Proteínas 6.2g Sal 0.13g Calcio 167mg,No disponible,"(10,64 €/KILO)"
Chocolate con leche con galleta Temptation de Dia 100 g,https://www.dia.es/azucar-chocolates-y-caramelos/chocolates-y-bombones/p/300974,https://www.dia.es/product_images/300974/300974_ISO_0_ES.jpg?imwidth=392,"1,15 €",Grasas 28g de las cuales saturadas 18g Hidratos de Carbono 61g de los cuales azúcares 56g Proteínas 5.8g Sal 0.18g,No disponible,"(11,50 €/KILO)"
Barritas de chocolate con leche Kinder caja 100 g,https://www.dia.es/azucar-chocolates-y-caramelos/chocolates-y-bombones/p/71366,https://www.dia.es/product_images/71366/71366_ISO_0_ES.jpg?imwidth=392,"1,79 €",Grasas 35g de las cuales saturadas 22.6g Hidratos de Carbono 53.5g de los cuales azúcares 53.3g Proteínas 8.7g Sal 0.31g,No disponible,"(17,90 €/KILO)"
Cacahuetes cubiertos de chocolate de colores Temptation de Dia bolsa 180 g,https://www.dia.es/azucar-chocolates-y-caramelos/chocolates-y-bombones/p/290813,https://www.dia.es/product_images/290813/290813_ISO_0_ES.jpg?imwidth=392,"1,90 €",Grasas 26g de las cuales saturadas 11g Hidratos de Carbono 58g de los cuales azúcares 54g Proteínas 8.4g Sal 0.01g,No disponible,"(10,56 €/KILO)"
Chocolate con leche relleno con caramelo y avellanas Milka 300 g,https://www.dia.es/azucar-chocolates-y-caramelos/chocolates-y-bombones/p/99783,https://www.dia.es/product_images/99783/99783_ISO_0_ES.jpg?imwidth=392,"3,95 €",Grasas 36g de las cuales saturadas 18g Hidratos de Carbono 52g de los cuales azúcares 49g Fibra alimentaria 2g Proteínas 5.4g Sal 0.24g,3x2 en selección mondelez,No disponible
Bombones rellenos de coco y almendra Ferrero Raffaello caja 150 g,https://www.dia.es/azucar-chocolates-y-caramelos/chocolates-y-bombones/p/85754,https://www.dia.es/product_images/85754/85754_ISO_0_ES.jpg?imwidth=392,"4,39 €",Grasas 48.6g de las cuales saturadas 29.7g Hidratos de Carbono 38.3g de los cuales azúcares 33.3g Proteínas 7.2g Sal 0.31g,No disponible,"(29,27 €/KILO)"
Bombones cortados clásicos Trapa caja 115 g,https://www.dia.es/azucar-chocolates-y-caramelos/chocolates-y-bombones/p/85587,https://www.dia.es/product_images/85587/85587_ISO_0_ES.jpg?imwidth=392,"2,35 €",Grasas 32g de las cuales saturadas 19g Hidratos de Carbono 60g de los cuales azúcares 58g Proteínas 4.4g Sal 0.24g,No disponible,"(20,43 €/KILO)"
Bombones surtidos Nestlé Caja Roja caja 398 g,https://www.dia.es/azucar-chocolates-y-caramelos/chocolates-y-bombones/p/85341,https://www.dia.es/product_images/85341/85341_ISO_0_ES.jpg?imwidth=392,"11,99 €",Grasas 33.6g de las cuales saturadas 17.3g Hidratos de Carbono 54.1g de los cuales azúcares 50.9g Fibra alimentaria 2.9g Proteínas 6.7g Sal 0.15g,No disponible,"(30,13 €/KILO)"
Huevo de chocolate con sorpresa joy Kinder 20 g,https://www.dia.es/azucar-chocolates-y-caramelos/chocolates-y-bombones/p/8192,https://www.dia.es/product_images/8192/8192_ISO_0_ES.jpg?imwidth=392,"1,50 €",Grasas 32g de las cuales saturadas 15.4g Hidratos de Carbono 56.5g de los cuales azúcares 51g Proteínas 8.2g Sal 0.32g,No disponible,"(75,00 €/KILO)"
Huevos de chocolate con sorpresa 3 unidades Kinder caja 60 g,https://www.dia.es/azucar-chocolates-y-caramelos/chocolates-y-bombones/p/76578,https://www.dia.es/product_images/76578/76578_ISO_0_ES.jpg?imwidth=392,"3,49 €",Grasas 34.2g de las cuales saturadas 22.6g Hidratos de Carbono 52.3g de los cuales azúcares 52.1g Proteínas 8.1g Sal 0.32g,No disponible,"(58,17 €/KILO)"
Chocolate con leche con avellanas Milka 270 g,https://www.dia.es/azucar-chocolates-y-caramelos/chocolates-y-bombones/p/70431,https://www.dia.es/product_images/70431/70431_ISO_0_ES.jpg?imwidth=392,"3,95 €",Grasas 36g de las cuales saturadas 16g Hidratos de Carbono 48g de los cuales azúcares 47g Fibra alimentaria 3.5g Proteínas 7.9g Sal 0.23g,3x2 en selección mondelez,No disponible
Bolitas de chocolate rellenas de leche malteada Maltesers bolsa 175 g,https://www.dia.es/azucar-chocolates-y-caramelos/chocolates-y-bombones/p/70230,https://www.dia.es/product_images/70230/70230_ISO_0_ES.jpg?imwidth=392,"3,59 €",Grasas 25g de las cuales saturadas 15g Hidratos de Carbono 62g de los cuales azúcares 53g Proteínas 8.4g Sal 0.38g,No disponible,"(20,51 €/KILO)"
Monedas de chocolate Crest malla 100 g,https://www.dia.es/azucar-chocolates-y-caramelos/chocolates-y-bombones/p/69241,https://www.dia.es/product_images/69241/69241_ISO_0_ES.jpg?imwidth=392,"1,50 €",Grasas 27g de las cuales saturadas 17g Hidratos de Carbono 62g de los cuales azúcares 61g Fibra alimentaria 2.2g Proteínas 6g Sal 0.27g,No disponible,"(15,00 €/KILO)"
Chocolate con leche Nestlé Extrafino 250 g,https://www.dia.es/azucar-chocolates-y-caramelos/chocolates-y-bombones/p/68891,https://www.dia.es/product_images/68891/68891_ISO_0_ES.jpg?imwidth=392,"2,89 €",Grasas 30.3g de las cuales saturadas 17.4g Hidratos de Carbono 58.9g de los cuales azúcares 57.7g Fibra alimentaria 2g Proteínas 6.3g Sal 0.13g Calcio 166mg,2ª ud al 50% dto. selección extrafino nestlé,No disponible
Chocolate con leche relleno de caramelo Milka 100 g,https://www.dia.es/azucar-chocolates-y-caramelos/chocolates-y-bombones/p/64352,https://www.dia.es/product_images/64352/64352_ISO_0_ES.jpg?imwidth=392,"1,55 €",Grasas 33g de las cuales saturadas 19g Hidratos de Carbono 56g de los cuales azúcares 51g Fibra alimentaria 1.2g Proteínas 4.3g Sal 0.26g,3x2 en selección mondelez,No disponible
Barritas de chocolate rellenas de caramelo y galleta Twix bolsa 50 g,https://www.dia.es/azucar-chocolates-y-caramelos/chocolates-y-bombones/p/60744,https://www.dia.es/product_images/60744/60744_ISO_0_ES.jpg?imwidth=392,"1,39 €",Grasas 24g de las cuales saturadas 14g Hidratos de Carbono 65g de los cuales azúcares 48g Proteínas 4.6g Sal 0.39g,No disponible,"(27,80 €/KILO)"
Bolas de chocolate con leche chocobolas Nestlé Extrafino 140 g,https://www.dia.es/azucar-chocolates-y-caramelos/chocolates-y-bombones/p/60392,https://www.dia.es/product_images/60392/60392_ISO_0_ES.jpg?imwidth=392,"2,69 €",Grasas 25g de las cuales saturadas 15g Hidratos de Carbono 61.9g de los cuales azúcares 49.9g Fibra alimentaria 2.4g Proteínas 7g Sal 0.71g,2ª ud al 50% dto. selección extrafino nestlé,No disponible
Barritas de chocolate y cacahuete Temptation de Dia bolsa 250 g,https://www.dia.es/azucar-chocolates-y-caramelos/chocolates-y-bombones/p/59046,https://www.dia.es/product_images/59046/59046_ISO_0_ES.jpg?imwidth=392,"2,15 €",Grasas 26g de las cuales saturadas 10g Hidratos de Carbono 56g de los cuales azúcares 49g Proteínas 9g Sal 0.39g,No disponible,"(8,60 €/KILO)"
Chocolate con leche bubbly Milka 90 g,https://www.dia.es/azucar-chocolates-y-caramelos/chocolates-y-bombones/p/55979,https://www.dia.es/product_images/55979/55979_ISO_0_ES.jpg?imwidth=392,"1,55 €",Grasas 32g de las cuales saturadas 19g Hidratos de Carbono 56g de los cuales azúcares 54g Fibra alimentaria 2.3g Proteínas 6.5g Sal 0.27g,No disponible,"(17,22 €/KILO)"
Bombones Ferrero Rocher bolsa 35 g,https://www.dia.es/azucar-chocolates-y-caramelos/chocolates-y-bombones/p/55648,https://www.dia.es/product_images/55648/55648_ISO_0_ES.jpg?imwidth=392,"1,50 €",Grasas 42.7g de las cuales saturadas 14.1g Hidratos de Carbono 44.4g de los cuales azúcares 39.9g Proteínas 8.2g Sal 0.15g,No disponible,"(42,86 €/KILO)"
Chocolate negro con naranja Lindt Excellence 100 g,https://www.dia.es/azucar-chocolates-y-caramelos/chocolates-y-bombones/p/54434,https://www.dia.es/product_images/54434/54434_ISO_0_ES.jpg?imwidth=392,"3,25 €",Grasas 34g de las cuales saturadas 17g Hidratos de Carbono 47g de los cuales azúcares 46g Proteínas 8g Sal 0.11g,No disponible,"(32,50 €/KILO)"
Chocolate con leche suizo con miel y almendras Toblerone 3 x 50 g,https://www.dia.es/azucar-chocolates-y-caramelos/chocolates-y-bombones/p/49862,https://www.dia.es/product_images/49862/49862_ISO_0_ES.jpg?imwidth=392,"3,85 €",Grasas 28g de las cuales saturadas 17g Hidratos de Carbono 61g de los cuales azúcares 60g Fibra alimentaria 2.4g Proteínas 5.6g Sal 0.12g,No disponible,"(25,67 €/KILO)"
Chocolate con leche milkinis Milka bolsa 87.5 g,https://www.dia.es/azucar-chocolates-y-caramelos/chocolates-y-bombones/p/49474,https://www.dia.es/product_images/49474/49474_ISO_0_ES.jpg?imwidth=392,"1,40 €",Grasas 38g de las cuales saturadas 22g Hidratos de Carbono 52g de los cuales azúcares 52g Fibra alimentaria 0.9g Proteínas 5.1g Sal 0.38g,No disponible,"(16,00 €/KILO)"
Bombones surtidos Nestlé Caja Roja caja 100 g,https://www.dia.es/azucar-chocolates-y-caramelos/chocolates-y-bombones/p/48912,https://www.dia.es/product_images/48912/48912_ISO_0_ES.jpg?imwidth=392,"3,99 €",Grasas 33.5g de las cuales saturadas 17.3g Hidratos de Carbono 54.2g de los cuales azúcares 51g Fibra alimentaria 2.9g Proteínas 6.7g Sal 0.15g,No disponible,"(38,74 €/KILO)"
Chocolate con leche Milka 270 g,https://www.dia.es/azucar-chocolates-y-caramelos/chocolates-y-bombones/p/45685,https://www.dia.es/product_images/45685/45685_ISO_0_ES.jpg?imwidth=392,"2,85 €",Grasas 31g de las cuales saturadas 19g Hidratos de Carbono 57g de los cuales azúcares 55g Fibra alimentaria 2.3g Proteínas 6.5g Sal 0.28g,3x2 en selección mondelez,No disponible
Bombones de chocolate con leche Lindt Lindor caja 200 g,https://www.dia.es/azucar-chocolates-y-caramelos/chocolates-y-bombones/p/45440,https://www.dia.es/product_images/45440/45440_ISO_0_ES.jpg?imwidth=392,"7,49 €",Grasas 47g de las cuales saturadas 34g Hidratos de Carbono 44g de los cuales azúcares 42g Proteínas 5g Sal 0.17g,No disponible,"(37,45 €/KILO)"
Huevos de chocolate relleno de leche y avellanas Kinder bolsa 200 g,https://www.dia.es/azucar-chocolates-y-caramelos/chocolates-y-bombones/p/41749,https://www.dia.es/product_images/41749/41749_ISO_0_ES.jpg?imwidth=392,"4,39 €",Grasas 36.6g de las cuales saturadas 21.2g Hidratos de Carbono 52.5g de los cuales azúcares 52.2g Proteínas 8.3g Sal 0.28g,No disponible,"(21,95 €/KILO)"
Huevo de chocolate con sorpresa Kinder 20 g,https://www.dia.es/azucar-chocolates-y-caramelos/chocolates-y-bombones/p/37008,https://www.dia.es/product_images/37008/37008_ISO_0_ES.jpg?imwidth=392,"1,30 €",Grasas 34.2g de las cuales saturadas 22.6g Hidratos de Carbono 52.3g de los cuales azúcares 52.1g Proteínas 8.1g Sal 0.32g,No disponible,"(65,00 €/KILO)"
Barritas de chocolate con leche y avellanas Kinder bolsa 43 g,https://www.dia.es/azucar-chocolates-y-caramelos/chocolates-y-bombones/p/37004,https://www.dia.es/product_images/37004/37004_ISO_0_ES.jpg?imwidth=392,"1,39 €",Grasas 37.3g de las cuales saturadas 17.3g Hidratos de Carbono 49.5g de los cuales azúcares 41.2g Proteínas 8.6g Sal 0.27g,No disponible,"(32,33 €/KILO)"
Láminas de chocolate y menta After Eight Nestlé estuche 200 g,https://www.dia.es/azucar-chocolates-y-caramelos/chocolates-y-bombones/p/3676,https://www.dia.es/product_images/3676/3676_ISO_0_ES.jpg?imwidth=392,"3,99 €",Grasas 12.9g de las cuales saturadas 7.6g Hidratos de Carbono 73.5g de los cuales azúcares 67.8g Fibra alimentaria 2.8g Proteínas 2.1g Sal 0.03g,No disponible,"(19,95 €/KILO)"
Bombones Ferrero Rocher caja 375 g,https://www.dia.es/azucar-chocolates-y-caramelos/chocolates-y-bombones/p/36341,https://www.dia.es/product_images/36341/36341_ISO_0_ES.jpg?imwidth=392,"10,59 €",Grasas 42.7g de las cuales saturadas 14.1g Hidratos de Carbono 44.4g de los cuales azúcares 39.9g Proteínas 8.2g Sal 0.15g,No disponible,"(28,24 €/KILO)"
Calendario de adviento Muller&muller 75 g,https://www.dia.es/azucar-chocolates-y-caramelos/chocolates-y-bombones/p/35626,https://www.dia.es/product_images/35626/35626_ISO_0_ES.jpg?imwidth=392,"1,75 €",No disponible,No disponible,"(23,33 €/KILO)"
Piruleta chocolate con leche 10 unidades Crest bolsa 150 g,https://www.dia.es/azucar-chocolates-y-caramelos/chocolates-y-bombones/p/35613,https://www.dia.es/product_images/35613/35613_ISO_0_ES.jpg?imwidth=392,"3,19 €",No disponible,No disponible,"(21,27 €/KILO)"
Barritas de chocolate y galleta rellena de caramelo Twix bolsa 150 g,https://www.dia.es/azucar-chocolates-y-caramelos/chocolates-y-bombones/p/3539,https://www.dia.es/product_images/3539/3539_ISO_0_ES.jpg?imwidth=392,"2,79 €",Grasas 24g de las cuales saturadas 14g Hidratos de Carbono 65g de los cuales azúcares 48g Proteínas 4.6g Sal 0.39g,No disponible,"(18,60 €/KILO)"
Chocolate con leche y almendras enteras Temptation de Dia 200 g,https://www.dia.es/azucar-chocolates-y-caramelos/chocolates-y-bombones/p/34719,https://www.dia.es/product_images/34719/34719_ISO_0_ES.jpg?imwidth=392,"1,99 €",Grasas 36g de las cuales saturadas 16g Hidratos de Carbono 44g de los cuales azúcares 43g Proteínas 11.8g Sal 0.15g,No disponible,"(9,95 €/KILO)"
Huevo de chocolate con sorpresa Temptation de Dia caja 60 g,https://www.dia.es/azucar-chocolates-y-caramelos/chocolates-y-bombones/p/33080,https://www.dia.es/product_images/33080/33080_ISO_0_ES.jpg?imwidth=392,"1,79 €",Grasas 29.3g de las cuales saturadas 18g Hidratos de Carbono 61.1g de los cuales azúcares 60.7g Proteínas 5.9g Sal 0.35g,No disponible,"(29,83 €/KILO)"
"Barritas de chocolate, turrón y caramelo Temptation de Dia bolsa 200 g",https://www.dia.es/azucar-chocolates-y-caramelos/chocolates-y-bombones/p/33077,https://www.dia.es/product_images/33077/33077_ISO_0_ES.jpg?imwidth=392,"1,75 €",Grasas 21g de las cuales saturadas 12g Hidratos de Carbono 65g de los cuales azúcares 57g Proteínas 4.6g Sal 0.46g,No disponible,"(8,75 €/KILO)"
Barrita de chocolate caramelo y galleta Temptation de Dia bolsa 290 g,https://www.dia.es/azucar-chocolates-y-caramelos/chocolates-y-bombones/p/33076,https://www.dia.es/product_images/33076/33076_ISO_0_ES.jpg?imwidth=392,"2,45 €",Grasas 25g de las cuales saturadas 14g Hidratos de Carbono 64g de los cuales azúcares 45g Proteínas 5.3g Sal 0.46g,No disponible,"(8,45 €/KILO)"
Paraguas de chocolate Mauri bolsa 50 g,https://www.dia.es/azucar-chocolates-y-caramelos/chocolates-y-bombones/p/32791,https://www.dia.es/product_images/32791/32791_ISO_0_ES.jpg?imwidth=392,"3,19 €",Grasas 34.4g de las cuales saturadas 21.1g de las cuales monoinsaturadas 11.5g de las cuales poliinsaturadas 1.6g Hidratos de Carbono 55.7g de los cuales azúcares 55g Fibra alimentaria 1.2g Proteínas 6.2g Sal 0.21g Polialcoholes 0g,No disponible,"(63,80 €/KILO)"
Huevo de chocolate maxi con sorpresa Kinder 100 g,https://www.dia.es/azucar-chocolates-y-caramelos/chocolates-y-bombones/p/32789,https://www.dia.es/product_images/32789/32789_ISO_0_ES.jpg?imwidth=392,"5,99 €",Grasas 36.2g de las cuales saturadas 24.1g Hidratos de Carbono 53.9g de los cuales azúcares 53.6g Proteínas 8.8g Sal 0.31g,No disponible,"(59,90 €/KILO)"
Chocolate con leche relleno de galleta y caramelo Nestlé Extrafino 87 g,https://www.dia.es/azucar-chocolates-y-caramelos/chocolates-y-bombones/p/30498,https://www.dia.es/product_images/30498/30498_ISO_0_ES.jpg?imwidth=392,"1,00 €",Grasas 26.8g de las cuales saturadas 15.8g Hidratos de Carbono 61.2g de los cuales azúcares 52.4g Fibra alimentaria 1.5g Proteínas 4.7g Sal 0.31g,No disponible,"(11,49 €/KILO)"
Barritas de barquillo recubierta de chocolate con leche combix Huesitos bolsa 100 g,https://www.dia.es/azucar-chocolates-y-caramelos/chocolates-y-bombones/p/304814,https://www.dia.es/product_images/304814/304814_ISO_0_ES.jpg?imwidth=392,"1,79 €",No disponible,No disponible,"(17,90 €/KILO)"
Chocolate con leche y macadamia caramelizada Valor 200 g,https://www.dia.es/azucar-chocolates-y-caramelos/chocolates-y-bombones/p/304813,https://www.dia.es/product_images/304813/304813_ISO_0_ES.jpg?imwidth=392,"4,75 €",No disponible,No disponible,"(23,75 €/KILO)"
Mini barritas de galleta recubiertas de chocolate Kit Kat bolsa 200 g,https://www.dia.es/azucar-chocolates-y-caramelos/chocolates-y-bombones/p/30432,https://www.dia.es/product_images/30432/30432_ISO_0_ES.jpg?imwidth=392,"2,99 €",Grasas 26.5g de las cuales saturadas 14.9g Hidratos de Carbono 60.4g de los cuales azúcares 43.7g Fibra alimentaria 2.5g Proteínas 6.7g Sal 0.15g,No disponible,"(14,95 €/KILO)"
Figura de chocolate Kinder 35 g,https://www.dia.es/azucar-chocolates-y-caramelos/chocolates-y-bombones/p/304278,https://www.dia.es/product_images/304278/304278_ISO_0_ES.jpg?imwidth=392,"1,15 €",Grasas 36.2g de las cuales saturadas 24.1g Hidratos de Carbono 53.9g de los cuales azúcares 53.6g Proteínas 8.8g Sal 0.31g,No disponible,"(32,86 €/KILO)"
Bombones surtidos gift box Lindt caja 137 g,https://www.dia.es/azucar-chocolates-y-caramelos/chocolates-y-bombones/p/304177,https://www.dia.es/product_images/304177/304177_ISO_0_ES.jpg?imwidth=392,"7,49 €",Grasas 49g de las cuales saturadas 37g Hidratos de Carbono 41g de los cuales azúcares 40g Proteínas 4.5g Sal 0.16g,No disponible,"(54,67 €/KILO)"
Bombones de chocolate con leche Lindt caja 37 g,https://www.dia.es/azucar-chocolates-y-caramelos/chocolates-y-bombones/p/304176,https://www.dia.es/product_images/304176/304176_ISO_0_ES.jpg?imwidth=392,"1,50 €",Grasas 47g de las cuales saturadas 34g Hidratos de Carbono 44g de los cuales azúcares 42g Proteínas 5g Sal 0.17g,No disponible,"(40,54 €/KILO)"
Figura de chocolate M&M's 100 g,https://www.dia.es/azucar-chocolates-y-caramelos/chocolates-y-bombones/p/304155,https://www.dia.es/product_images/304155/304155_ISO_0_ES.jpg?imwidth=392,"3,99 €",Grasas 28g de las cuales saturadas 17g Hidratos de Carbono 60g de los cuales azúcares 59g Proteínas 7.3g Sal 0.25g,No disponible,"(39,90 €/KILO)"
Surtido de chocolatinas Celebrations caja 196 g,https://www.dia.es/azucar-chocolates-y-caramelos/chocolates-y-bombones/p/304149,https://www.dia.es/product_images/304149/304149_ISO_0_ES.jpg?imwidth=392,"3,99 €",Grasas 25g de las cuales saturadas 15g Hidratos de Carbono 62g de los cuales azúcares 55g Proteínas 5.5g Sal 0.39g,No disponible,"(20,36 €/KILO)"
Bombones de chocolate con leche caja dorada Suchard caja 127 g,https://www.dia.es/azucar-chocolates-y-caramelos/chocolates-y-bombones/p/303973,https://www.dia.es/product_images/303973/303973_ISO_0_ES.jpg?imwidth=392,"4,99 €",Grasas 33g de las cuales saturadas 17g Hidratos de Carbono 57g de los cuales azúcares 53g Fibra alimentaria 2.3g Proteínas 5g Sal 0.23g,No disponible,"(39,29 €/KILO)"
Cereales cubiertos de chocolate y galleta balls Huesitos bolsa 140 g,https://www.dia.es/azucar-chocolates-y-caramelos/chocolates-y-bombones/p/303699,https://www.dia.es/product_images/303699/303699_ISO_0_ES.jpg?imwidth=392,"2,89 €",No disponible,No disponible,"(20,64 €/KILO)"
Chocolate con leche con pistachos Lacasa 90 g,https://www.dia.es/azucar-chocolates-y-caramelos/chocolates-y-bombones/p/303696,https://www.dia.es/product_images/303696/303696_ISO_0_ES.jpg?imwidth=392,"2,99 €",Grasas 35g de las cuales saturadas 18.84g de las cuales monoinsaturadas 12.89g de las cuales poliinsaturadas 3.27g Hidratos de Carbono 52g de los cuales azúcares 49g Fibra alimentaria 1.7g Proteínas 8.5g Sal 0.21g Polialcoholes 0g,No disponible,"(33,22 €/KILO)"
Huevos de chocolate más peluche Nestlé caja 80 g,https://www.dia.es/azucar-chocolates-y-caramelos/chocolates-y-bombones/p/303540,https://www.dia.es/product_images/303540/303540_ISO_0_ES.jpg?imwidth=392,"3,99 €",Grasas 29.5g de las cuales saturadas 17.6g Hidratos de Carbono 56.1g de los cuales azúcares 54.6g Fibra alimentaria 1.4g Proteínas 9g Sal 0.34g,No disponible,"(49,88 €/KILO)"
Surtido clásico chocolate negro Pergale caja 114 g,https://www.dia.es/azucar-chocolates-y-caramelos/chocolates-y-bombones/p/303211,https://www.dia.es/product_images/303211/303211_ISO_0_ES.jpg?imwidth=392,"2,50 €",No disponible,No disponible,"(21,93 €/KILO)"
Bombones rellenos de dulce de leche 1880 caja 100 g,https://www.dia.es/azucar-chocolates-y-caramelos/chocolates-y-bombones/p/303156,https://www.dia.es/product_images/303156/303156_ISO_0_ES.jpg?imwidth=392,"2,99 €",No disponible,No disponible,"(29,90 €/KILO)"
Calendario de adviento Nestlé Extrafino estuche 85 g,https://www.dia.es/azucar-chocolates-y-caramelos/chocolates-y-bombones/p/303016,https://www.dia.es/product_images/303016/303016_ISO_0_ES.jpg?imwidth=392,"4,99 €",Grasas 29.1g de las cuales saturadas 17.4g Hidratos de Carbono 60.8g de los cuales azúcares 60.4g Fibra alimentaria 1.5g Proteínas 5.2g Sal 0.2g,No disponible,"(58,71 €/KILO)"
Surtido de pralinés Temptation de Dia bolsa 320 g,https://www.dia.es/azucar-chocolates-y-caramelos/chocolates-y-bombones/p/302911,https://www.dia.es/product_images/302911/302911_ISO_0_ES.jpg?imwidth=392,"4,50 €",No disponible,No disponible,"(14,06 €/KILO)"
Surtido de lenguas de gato Temptation de Dia caja 60 g,https://www.dia.es/azucar-chocolates-y-caramelos/chocolates-y-bombones/p/302908,https://www.dia.es/product_images/302908/302908_ISO_0_ES.jpg?imwidth=392,"1,99 €",Grasas 35.6g de las cuales saturadas 22.2g Hidratos de Carbono 51.2g de los cuales azúcares 49.6g Proteínas 6.1g Sal 0.16g,No disponible,"(33,17 €/KILO)"
Láminas de chocolate blanco y trocitos de limón Temptation de Dia caja 100 g,https://www.dia.es/azucar-chocolates-y-caramelos/chocolates-y-bombones/p/302662,https://www.dia.es/product_images/302662/302662_ISO_0_ES.jpg?imwidth=392,"2,99 €",Grasas 31.4g de las cuales saturadas 20g Hidratos de Carbono 60.9g de los cuales azúcares 60.7g Proteínas 4.8g Sal 0.23g,No disponible,"(29,90 €/KILO)"
Láminas de chocolate con leche y naranja Temptation de Dia caja 100 g,https://www.dia.es/azucar-chocolates-y-caramelos/chocolates-y-bombones/p/302661,https://www.dia.es/product_images/302661/302661_ISO_0_ES.jpg?imwidth=392,"2,99 €",Grasas 28.6g de las cuales saturadas 18g Hidratos de Carbono 59.4g de los cuales azúcares 59.3g Proteínas 5.4g Sal 0.17g,No disponible,"(29,90 €/KILO)"
Láminas de chocolate negro y trocitos de fresa Temptation de Dia caja 100 g,https://www.dia.es/azucar-chocolates-y-caramelos/chocolates-y-bombones/p/302660,https://www.dia.es/product_images/302660/302660_ISO_0_ES.jpg?imwidth=392,"2,99 €",Grasas 30.4g de las cuales saturadas 18.8g Hidratos de Carbono 55.2g de los cuales azúcares 51.7g Proteínas 5.3g Sal 0.01g,No disponible,"(29,90 €/KILO)"
Chocolate con leche con relleno cremoso y galletas María Nestlé Extrafino 83 g,https://www.dia.es/azucar-chocolates-y-caramelos/chocolates-y-bombones/p/302624,https://www.dia.es/product_images/302624/302624_ISO_0_ES.jpg?imwidth=392,"1,39 €",Grasas 31.5g de las cuales saturadas 17.4g Hidratos de Carbono 58.6g de los cuales azúcares 48.1g Fibra alimentaria 1.8g Proteínas 5.6g Sal 0.19g,No disponible,"(16,75 €/KILO)"
Barrita de barquillo relleno de chocolate Milka Wafer&Go bolsa 31 g,https://www.dia.es/azucar-chocolates-y-caramelos/chocolates-y-bombones/p/302065,https://www.dia.es/product_images/302065/302065_ISO_0_ES.jpg?imwidth=392,"1,00 €",Grasas 28g de las cuales saturadas 15g Hidratos de Carbono 62g de los cuales azúcares 45g Fibra alimentaria 2.4g Proteínas 5.3g Sal 0.16g,No disponible,"(32,26 €/KILO)"
Chocolate con leche sin lactosa Trapa 90 g,https://www.dia.es/azucar-chocolates-y-caramelos/chocolates-y-bombones/p/302050,https://www.dia.es/product_images/302050/302050_ISO_0_ES.jpg?imwidth=392,"1,49 €",No disponible,No disponible,"(16,56 €/KILO)"
Mini barritas de chocolate y galleta rellena de caramelo Twix bolsa 227 g,https://www.dia.es/azucar-chocolates-y-caramelos/chocolates-y-bombones/p/301379,https://www.dia.es/product_images/301379/301379_ISO_0_ES.jpg?imwidth=392,"3,69 €",Grasas 24g de las cuales saturadas 14g Hidratos de Carbono 65g de los cuales azúcares 48g Proteínas 4.6g Sal 0.4g,No disponible,"(16,26 €/KILO)"
Chocolate relleno de bolitas crujientes Maltesers bolsa 150 g,https://www.dia.es/azucar-chocolates-y-caramelos/chocolates-y-bombones/p/301378,https://www.dia.es/product_images/301378/301378_ISO_0_ES.jpg?imwidth=392,"2,99 €",Grasas 30g de las cuales saturadas 18g Hidratos de Carbono 57g de los cuales azúcares 53g Proteínas 7.7g Sal 0.36g,No disponible,"(19,93 €/KILO)"
Mini barritas de galleta recubiertas de chocolate blanco Kit Kat bolsa 146 g,https://www.dia.es/azucar-chocolates-y-caramelos/chocolates-y-bombones/p/300937,https://www.dia.es/product_images/300937/300937_ISO_0_ES.jpg?imwidth=392,"2,99 €",Grasas 26.3g de las cuales saturadas 14.8g Hidratos de Carbono 63.1g de los cuales azúcares 47.5g Fibra alimentaria 0.9g Proteínas 6.3g Sal 0.24g,No disponible,"(20,48 €/KILO)"
Chocolate con leche con relleno cremoso Nestlé Extrafino 100 g,https://www.dia.es/azucar-chocolates-y-caramelos/chocolates-y-bombones/p/300936,https://www.dia.es/product_images/300936/300936_ISO_0_ES.jpg?imwidth=392,"1,39 €",Grasas 30.1g de las cuales saturadas 16.9g Hidratos de Carbono 58.9g de los cuales azúcares 58.7g Fibra alimentaria 0.8g Proteínas 7.2g Sal 0.22g,No disponible,"(13,90 €/KILO)"
Chocolate negro 52% cacao Lindt 100 g,https://www.dia.es/azucar-chocolates-y-caramelos/chocolates-y-bombones/p/300153,https://www.dia.es/product_images/300153/300153_ISO_0_ES.jpg?imwidth=392,"1,79 €",Grasas 32g de las cuales saturadas 19g Hidratos de Carbono 51g de los cuales azúcares 46g Proteínas 6.5g Sal 0.02g,No disponible,"(17,90 €/KILO)"
Chocolate con leche Lindt 100 g,https://www.dia.es/azucar-chocolates-y-caramelos/chocolates-y-bombones/p/300151,https://www.dia.es/product_images/300151/300151_ISO_0_ES.jpg?imwidth=392,"1,79 €",Grasas 32g de las cuales saturadas 19g Hidratos de Carbono 56g de los cuales azúcares 55g Proteínas 7g Sal 0.25g,No disponible,"(17,90 €/KILO)"
Chocolate con leche Temptation de Dia 100 g,https://www.dia.es/azucar-chocolates-y-caramelos/chocolates-y-bombones/p/300067,https://www.dia.es/product_images/300067/300067_ISO_0_ES.jpg?imwidth=392,"0,99 €",Grasas 32g de las cuales saturadas 20g Hidratos de Carbono 58g de los cuales azúcares 57g Proteínas 5.6g Sal 0.19g,No disponible,"(9,90 €/KILO)"
Chocolate negro 85% cacao en porciones Temptation de Dia bolso 176 g,https://www.dia.es/azucar-chocolates-y-caramelos/chocolates-y-bombones/p/300065,https://www.dia.es/product_images/300065/300065_ISO_0_ES.jpg?imwidth=392,"3,19 €",Grasas 42g de las cuales saturadas 26g Hidratos de Carbono 21g de los cuales azúcares 16g Fibra alimentaria 15g Proteínas 13g Sal 0.03g,No disponible,"(18,13 €/KILO)"
Chocolate negro para postres sin azúcares añadidos Temptation de Dia 200 g,https://www.dia.es/azucar-chocolates-y-caramelos/chocolates-y-bombones/p/300061,https://www.dia.es/product_images/300061/300061_ISO_0_ES.jpg?imwidth=392,"2,50 €",Grasas 42g de las cuales saturadas 26g Hidratos de Carbono 34g de los cuales azúcares 0.6g Proteínas 7.5g Sal 0.06g Polialcoholes 29g,No disponible,"(12,50 €/KILO)"
Chocolate blanco con galleta Temptation de Dia 100 g,https://www.dia.es/azucar-chocolates-y-caramelos/chocolates-y-bombones/p/300059,https://www.dia.es/product_images/300059/300059_ISO_0_ES.jpg?imwidth=392,"1,15 €",Grasas 32g de las cuales saturadas 20g Hidratos de Carbono 59g de los cuales azúcares 53g Proteínas 5.8g Sal 0.16g,No disponible,"(11,50 €/KILO)"
Mini barritas de chocolate con caramelo y cacahuetes Snickers bolsa 227 g,https://www.dia.es/azucar-chocolates-y-caramelos/chocolates-y-bombones/p/300055,https://www.dia.es/product_images/300055/300055_ISO_0_ES.jpg?imwidth=392,"3,69 €",Grasas 23g de las cuales saturadas 7.6g Hidratos de Carbono 60g de los cuales azúcares 51g Proteínas 8.7g Sal 0.52g,No disponible,"(16,26 €/KILO)"
Chocolate negro 100% cacao Trapa 80 g,https://www.dia.es/azucar-chocolates-y-caramelos/chocolates-y-bombones/p/299366,https://www.dia.es/product_images/299366/299366_ISO_0_ES.jpg?imwidth=392,"1,90 €",No disponible,No disponible,"(23,75 €/KILO)"
Chocolate con leche y almendras 0% azúcares añadidos Trapa 100 g,https://www.dia.es/azucar-chocolates-y-caramelos/chocolates-y-bombones/p/299365,https://www.dia.es/product_images/299365/299365_ISO_0_ES.jpg?imwidth=392,"1,75 €",Grasas 34g de las cuales saturadas 19g Hidratos de Carbono 55g de los cuales azúcares 6.5g Proteínas 6.2g Sal 0.13g Polialcoholes 47g,No disponible,"(17,50 €/KILO)"
Figuritas de chocolate con leche y galleta Nestlé Jungly bolsa 124 g,https://www.dia.es/azucar-chocolates-y-caramelos/chocolates-y-bombones/p/298735,https://www.dia.es/product_images/298735/298735_ISO_0_ES.jpg?imwidth=392,"3,49 €",Grasas 27.9g de las cuales saturadas 16.6g Hidratos de Carbono 58g de los cuales azúcares 53.3g Fibra alimentaria 2.4g Proteínas 7.3g Sal 0.26g,No disponible,"(28,15 €/KILO)"
Chocolate con leche para repostería Dr. Oetker bolsa 150 g,https://www.dia.es/azucar-chocolates-y-caramelos/chocolates-y-bombones/p/298091,https://www.dia.es/product_images/298091/298091_ISO_0_ES.jpg?imwidth=392,"3,59 €",Grasas 35g de las cuales saturadas 21g Hidratos de Carbono 53g de los cuales azúcares 51g Proteínas 7.1g Sal 0.2g,No disponible,"(23,93 €/KILO)"
Chocolate con leche con relleno sabor dulce de leche Nestlé Extrafino 83 g,https://www.dia.es/azucar-chocolates-y-caramelos/chocolates-y-bombones/p/297961,https://www.dia.es/product_images/297961/297961_ISO_0_ES.jpg?imwidth=392,"1,00 €",Grasas 31.5g de las cuales saturadas 16.6g Hidratos de Carbono 57.2g de los cuales azúcares 55.1g Fibra alimentaria 1.3g Proteínas 7.1g Sal 0.23g,No disponible,"(12,05 €/KILO)"
Stick de chocolate con leche Lindt Lindor 37 g,https://www.dia.es/azucar-chocolates-y-caramelos/chocolates-y-bombones/p/297932,https://www.dia.es/product_images/297932/297932_ISO_0_ES.jpg?imwidth=392,"1,29 €",Grasas 44g de las cuales saturadas 33g Hidratos de Carbono 46g de los cuales azúcares 5.5g Proteínas 5.5g Sal 0.14g,No disponible,"(34,86 €/KILO)"
Calendario de adviento mix estrella Kinder caja 149 g,https://www.dia.es/azucar-chocolates-y-caramelos/chocolates-y-bombones/p/297434,https://www.dia.es/product_images/297434/297434_ISO_0_ES.jpg?imwidth=392,"7,99 €",Grasas 34.5g de las cuales saturadas 22.4g Hidratos de Carbono 53.5g de los cuales azúcares 53g Proteínas 8.3g Sal 0.36g,No disponible,"(53,62 €/KILO)"
Bombones de chocolate negro 70% cacao Nestlé Dark caja 142 g,https://www.dia.es/azucar-chocolates-y-caramelos/chocolates-y-bombones/p/296112,https://www.dia.es/product_images/296112/296112_ISO_0_ES.jpg?imwidth=392,"4,49 €",Grasas 39.7g de las cuales saturadas 22.2g Hidratos de Carbono 42.6g de los cuales azúcares 36.5g Fibra alimentaria 7g Proteínas 8g Sal 0.08g,No disponible,"(31,62 €/KILO)"
Mix de chocolatinas + peluche Nestlé Extrafino caja 140 g (modelos diferentes),https://www.dia.es/azucar-chocolates-y-caramelos/chocolates-y-bombones/p/295525,https://www.dia.es/product_images/295525/295525_ISO_0_ES.jpg?imwidth=392,"9,99 €",Grasas 25.5g de las cuales saturadas 13.9g Hidratos de Carbono 66g de los cuales azúcares 51.1g Fibra alimentaria 1.4g Proteínas 4.6g Sal 0.15g,No disponible,"(70,35 €/KILO)"
Bombones de chocolate Creations Caja Roja Nestlé caja 186 g,https://www.dia.es/azucar-chocolates-y-caramelos/chocolates-y-bombones/p/295439,https://www.dia.es/product_images/295439/295439_ISO_0_ES.jpg?imwidth=392,"6,99 €",Grasas 29.6g de las cuales saturadas 15.4g Hidratos de Carbono 52.4g de los cuales azúcares 48.1g Fibra alimentaria 4.2g Proteínas 5.6g Sal 0.18g,No disponible,"(37,58 €/KILO)"
Bolas de chocolate cremositos Nestlé bolsa 147 g,https://www.dia.es/azucar-chocolates-y-caramelos/chocolates-y-bombones/p/295438,https://www.dia.es/product_images/295438/295438_ISO_0_ES.jpg?imwidth=392,"3,29 €",Grasas 31g de las cuales saturadas 17.6g Hidratos de Carbono 55.9g de los cuales azúcares 55.3g Fibra alimentaria 1.3g Proteínas 8g Sal 0.23g,No disponible,"(22,85 €/KILO)"
Chocolate con leche con relleno cremoso y trocitos de galleta Dinosaurus Nestlé 84 g,https://www.dia.es/azucar-chocolates-y-caramelos/chocolates-y-bombones/p/295387,https://www.dia.es/product_images/295387/295387_ISO_0_ES.jpg?imwidth=392,"1,00 €",Grasas 32.5g de las cuales saturadas 16.7g Hidratos de Carbono 58.5g de los cuales azúcares 46.1g Fibra alimentaria 1.7g Proteínas 5g Sal 0.33g,No disponible,"(11,90 €/KILO)"
Chocolate con leche con relleno cremoso y trocitos de galleta Tosta Rica Nestlé Extrafino 84 g,https://www.dia.es/azucar-chocolates-y-caramelos/chocolates-y-bombones/p/295386,https://www.dia.es/product_images/295386/295386_ISO_0_ES.jpg?imwidth=392,"1,00 €",Grasas 32.1g de las cuales saturadas 16.8g Hidratos de Carbono 58.9g de los cuales azúcares 46.8g Fibra alimentaria 1.6g Proteínas 5.1g Sal 0.23g,No disponible,"(11,90 €/KILO)"
Bombones bestial mix Nestlé caja 187 g,https://www.dia.es/azucar-chocolates-y-caramelos/chocolates-y-bombones/p/295385,https://www.dia.es/product_images/295385/295385_ISO_0_ES.jpg?imwidth=392,"5,49 €",Grasas 31.3g de las cuales saturadas 15.8g Hidratos de Carbono 59.4g de los cuales azúcares 46.1g Fibra alimentaria 1.8g Proteínas 5.2g Sal 0.35g,No disponible,"(28,59 €/KILO)"
Chocolate negro con sabor naranja Nestlé Dark 120 g,https://www.dia.es/azucar-chocolates-y-caramelos/chocolates-y-bombones/p/293543,https://www.dia.es/product_images/293543/293543_ISO_0_ES.jpg?imwidth=392,"2,79 €",Grasas 38.2g de las cuales saturadas 23.2g Hidratos de Carbono 40.8g de los cuales azúcares 34.5g Fibra alimentaria 10g Proteínas 8.3g Sal 0.01g,No disponible,"(23,25 €/KILO)"
Bombones rellenos de cereza al licor Trapa bolsa 120 g,https://www.dia.es/azucar-chocolates-y-caramelos/chocolates-y-bombones/p/293458,https://www.dia.es/product_images/293458/293458_ISO_0_ES.jpg?imwidth=392,"2,35 €",Grasas 20g de las cuales saturadas 12g Hidratos de Carbono 51g de los cuales azúcares 41g Proteínas 3.7g Sal 0g,No disponible,"(19,58 €/KILO)"
Surtido de bombones seducción Trapa bolsa 56 g,https://www.dia.es/azucar-chocolates-y-caramelos/chocolates-y-bombones/p/293457,https://www.dia.es/product_images/293457/293457_ISO_0_ES.jpg?imwidth=392,"1,30 €",Grasas 33g de las cuales saturadas 21g Hidratos de Carbono 56g de los cuales azúcares 54g Proteínas 4.7g Sal 0.15g,No disponible,"(23,21 €/KILO)"
Chocolate con almendras enteras Milka 300 g,https://www.dia.es/azucar-chocolates-y-caramelos/chocolates-y-bombones/p/293215,https://www.dia.es/product_images/293215/293215_ISO_0_ES.jpg?imwidth=392,"3,79 €",Grasas 35g de las cuales saturadas 16g Hidratos de Carbono 47g de los cuales azúcares 45g Fibra alimentaria 4.2g Proteínas 9.6g Sal 0.22g,3x2 en selección mondelez,No disponible
Barritas de chocolate y galleta Nestlé Jungly bolsa 102 g,https://www.dia.es/azucar-chocolates-y-caramelos/chocolates-y-bombones/p/293025,https://www.dia.es/product_images/293025/293025_ISO_0_ES.jpg?imwidth=392,"1,79 €",Grasas 31.3g de las cuales saturadas 16.6g Hidratos de Carbono 58.1g de los cuales azúcares 44.4g Fibra alimentaria 2.2g Proteínas 5.3g Sal 0.24g,No disponible,"(17,55 €/KILO)"
Mini huevos de chocolate rellenos de crema leche y avellana Temptation de Dia bolsa 150 g,https://www.dia.es/azucar-chocolates-y-caramelos/chocolates-y-bombones/p/291612,https://www.dia.es/product_images/291612/291612_ISO_0_ES.jpg?imwidth=392,"2,50 €",Grasas 40g de las cuales saturadas 21g Hidratos de Carbono 50g de los cuales azúcares 50g Proteínas 6.9g Sal 0.15g,No disponible,"(16,67 €/KILO)"
Barquillo relleno de praliné y chocolate Knoppers bolsa 40 g,https://www.dia.es/azucar-chocolates-y-caramelos/chocolates-y-bombones/p/290516,https://www.dia.es/product_images/290516/290516_ISO_0_ES.jpg?imwidth=392,"1,10 €",Grasas 31.6g de las cuales saturadas 14.1g Hidratos de Carbono 52.2g de los cuales azúcares 38.3g Proteínas 8.4g Sal 0.39g,No disponible,"(27,50 €/KILO)"
Barquillos rellenos de crema con leche y cacao Knoppers bolsa 75 g,https://www.dia.es/azucar-chocolates-y-caramelos/chocolates-y-bombones/p/290515,https://www.dia.es/product_images/290515/290515_ISO_0_ES.jpg?imwidth=392,"1,00 €",Grasas 32.8g de las cuales saturadas 18.4g Hidratos de Carbono 51.6g de los cuales azúcares 34.2g Proteínas 9.2g Sal 0.56g,No disponible,"(13,33 €/KILO)"
Bombones sublimes Trapa caja 200 g,https://www.dia.es/azucar-chocolates-y-caramelos/chocolates-y-bombones/p/289686,https://www.dia.es/product_images/289686/289686_ISO_0_ES.jpg?imwidth=392,"3,80 €",Grasas 35g de las cuales saturadas 24g Hidratos de Carbono 56g de los cuales azúcares 55g Proteínas 4.5g Sal 0.19g,No disponible,"(19,00 €/KILO)"
Surtido de chocolatinas Navidad Kinder lata 34 g,https://www.dia.es/azucar-chocolates-y-caramelos/chocolates-y-bombones/p/289502,https://www.dia.es/product_images/289502/289502_ISO_0_ES.jpg?imwidth=392,"2,99 €",Grasas 35g de las cuales saturadas 22.4g Hidratos de Carbono 53.5g de los cuales azúcares 53.3g Proteínas 8.7g Sal 0.31g,No disponible,"(87,94 €/KILO)"
Bombones surtidos Nestlé Caja Roja caja 43 g,https://www.dia.es/azucar-chocolates-y-caramelos/chocolates-y-bombones/p/289450,https://www.dia.es/product_images/289450/289450_ISO_0_ES.jpg?imwidth=392,"1,99 €",Grasas 33.3g de las cuales saturadas 17.6g Hidratos de Carbono 54.4g de los cuales azúcares 50.9g Fibra alimentaria 2.8g Proteínas 6.8g Sal 0.15g,No disponible,"(46,28 €/KILO)"
Figura de chocolate con leche Papá Noel Milka 45 g,https://www.dia.es/azucar-chocolates-y-caramelos/chocolates-y-bombones/p/288993,https://www.dia.es/product_images/288993/288993_ISO_0_ES.jpg?imwidth=392,"1,49 €",Grasas 31g de las cuales saturadas 19g Hidratos de Carbono 56g de los cuales azúcares 55g Fibra alimentaria 2.3g Proteínas 6.4g Sal 0.28g,No disponible,"(33,11 €/KILO)"
Chocolate negro 70% con almendras Trapa 175 g,https://www.dia.es/azucar-chocolates-y-caramelos/chocolates-y-bombones/p/288258,https://www.dia.es/product_images/288258/288258_ISO_0_ES.jpg?imwidth=392,"2,49 €",Grasas 42g de las cuales saturadas 20g Hidratos de Carbono 29g de los cuales azúcares 25g Proteínas 11g Sal 0.06g,No disponible,"(14,23 €/KILO)"
Chocolate negro con almendras Trapa 100 g,https://www.dia.es/azucar-chocolates-y-caramelos/chocolates-y-bombones/p/288257,https://www.dia.es/product_images/288257/288257_ISO_0_ES.jpg?imwidth=392,"1,85 €",Grasas 46g de las cuales saturadas 27g Hidratos de Carbono 26g de los cuales azúcares 1.3g Proteínas 11g Sal 0.06g,No disponible,"(18,50 €/KILO)"
Chocolate blanco sin azúcar añadido Trapa 90 g,https://www.dia.es/azucar-chocolates-y-caramelos/chocolates-y-bombones/p/288256,https://www.dia.es/product_images/288256/288256_ISO_0_ES.jpg?imwidth=392,"1,75 €",Grasas 34g de las cuales saturadas 21g Hidratos de Carbono 57g de los cuales azúcares 10g Proteínas 5.9g Sal 0.19g Polialcoholes 46g,No disponible,"(19,44 €/KILO)"
Figura de chocolate con leche reyes magos Nestlé 40 g,https://www.dia.es/azucar-chocolates-y-caramelos/chocolates-y-bombones/p/287854,https://www.dia.es/product_images/287854/287854_ISO_0_ES.jpg?imwidth=392,"1,49 €",Grasas 32.6g de las cuales saturadas 19.5g Hidratos de Carbono 53g de los cuales azúcares 52.6g Fibra alimentaria 1.3g Proteínas 9.3g Sal 0.36g,No disponible,"(37,25 €/KILO)"
Calendario adviento reyes magos Muller&muller 75 g,https://www.dia.es/azucar-chocolates-y-caramelos/chocolates-y-bombones/p/287565,https://www.dia.es/product_images/287565/287565_ISO_0_ES.jpg?imwidth=392,"1,75 €",Grasas 30g de las cuales saturadas 19g Hidratos de Carbono 62g de los cuales azúcares 61g Fibra alimentaria 0.7g Proteínas 6g Sal 0.07g,No disponible,"(23,33 €/KILO)"
Chocolate con leche y galleta XXL Nestlé Jungly 235 g,https://www.dia.es/azucar-chocolates-y-caramelos/chocolates-y-bombones/p/285985,https://www.dia.es/product_images/285985/285985_ISO_0_ES.jpg?imwidth=392,"3,15 €",Grasas 28.7g de las cuales saturadas 15.2g Hidratos de Carbono 61g de los cuales azúcares 53.2g Fibra alimentaria 2g Proteínas 5.9g Sal 0.23g,No disponible,"(13,40 €/KILO)"
Surtidos dark sublime Nestlé Caja Roja caja 87 g,https://www.dia.es/azucar-chocolates-y-caramelos/chocolates-y-bombones/p/285361,https://www.dia.es/product_images/285361/285361_ISO_0_ES.jpg?imwidth=392,"4,75 €",Grasas 43g de las cuales saturadas 24.2g Hidratos de Carbono 38g de los cuales azúcares 32.8g Fibra alimentaria 9g Proteínas 7.7g Sal 0.14g,No disponible,"(54,60 €/KILO)"
Tartaletas de chocolate rellenas de crema de cacahuete 2 unidades Reeses's bolsa 42 g,https://www.dia.es/azucar-chocolates-y-caramelos/chocolates-y-bombones/p/285248,https://www.dia.es/product_images/285248/285248_ISO_0_ES.jpg?imwidth=392,"1,00 €",Grasas 29g de las cuales saturadas 10.5g Hidratos de Carbono 57.6g de los cuales azúcares 52.1g Proteínas 10.7g Sal 0.79g,No disponible,"(23,81 €/KILO)"
Bombones rellenos de turrón Temptation de Dia bolsa 208 g,https://www.dia.es/azucar-chocolates-y-caramelos/chocolates-y-bombones/p/284267,https://www.dia.es/product_images/284267/284267_ISO_0_ES.jpg?imwidth=392,"3,75 €",Grasas 33.8g de las cuales saturadas 12.6g Hidratos de Carbono 48.3g de los cuales azúcares 47.9g Proteínas 8.6g Sal 0.07g,No disponible,"(18,03 €/KILO)"
Chocolate blanco y galleta Nestlé Jungly 125 g,https://www.dia.es/azucar-chocolates-y-caramelos/chocolates-y-bombones/p/283665,https://www.dia.es/product_images/283665/283665_ISO_0_ES.jpg?imwidth=392,"1,69 €",Grasas 30.8g de las cuales saturadas 17.7g Hidratos de Carbono 57.5g de los cuales azúcares 50.9g Fibra alimentaria 0.5g Proteínas 8g Sal 0.3g,No disponible,"(13,52 €/KILO)"
Barrita de chocolate con avellanas sin gluten ondulé Dr. Schar bolsa 30 g,https://www.dia.es/azucar-chocolates-y-caramelos/chocolates-y-bombones/p/283307,https://www.dia.es/product_images/283307/283307_ISO_0_ES.jpg?imwidth=392,"1,19 €",Grasas 33g de las cuales saturadas 13g Hidratos de Carbono 55g de los cuales azúcares 45g Fibra alimentaria 2.4g Proteínas 6.8g Sal 0.18g,No disponible,"(39,67 €/KILO)"
Chocolate blanco Huesitos 125 g,https://www.dia.es/azucar-chocolates-y-caramelos/chocolates-y-bombones/p/280250,https://www.dia.es/product_images/280250/280250_ISO_0_ES.jpg?imwidth=392,"1,99 €",Grasas 30g de las cuales saturadas 19g Hidratos de Carbono 62g de los cuales azúcares 58g Proteínas 4.9g Sal 0.12g,No disponible,"(15,92 €/KILO)"
Chocolate negro con almendras enteras Nestlé Dark 150 g,https://www.dia.es/azucar-chocolates-y-caramelos/chocolates-y-bombones/p/279420,https://www.dia.es/product_images/279420/279420_ISO_0_ES.jpg?imwidth=392,"3,19 €",Grasas 36.2g de las cuales saturadas 16.6g Hidratos de Carbono 44.6g de los cuales azúcares 40.5g Fibra alimentaria 7.3g Proteínas 9.6g Sal 0g,No disponible,"(21,27 €/KILO)"
Barritas de galleta y chocolate con leche Nestlé Extrafino pack 108 g,https://www.dia.es/azucar-chocolates-y-caramelos/chocolates-y-bombones/p/278911,https://www.dia.es/product_images/278911/278911_ISO_0_ES.jpg?imwidth=392,"1,49 €",Grasas 25.1g de las cuales saturadas 13.7g Hidratos de Carbono 65.8g de los cuales azúcares 47.3g Fibra alimentaria 1.7g Proteínas 5g Sal 0.18g,2ª ud al 50% dto. selección extrafino nestlé,No disponible
Bombones de chocolate negro con cereza y vodka Ferrero Moncheri caja 157.5 g,https://www.dia.es/azucar-chocolates-y-caramelos/chocolates-y-bombones/p/278328,https://www.dia.es/product_images/278328/278328_ISO_0_ES.jpg?imwidth=392,"5,49 €",Grasas 19g de las cuales saturadas 12.3g Hidratos de Carbono 51.5g de los cuales azúcares 49.5g Proteínas 2.7g Sal 0.01g,No disponible,"(34,86 €/KILO)"
Chocolate blanco con trozos de oreo Milka 100 g,https://www.dia.es/azucar-chocolates-y-caramelos/chocolates-y-bombones/p/278202,https://www.dia.es/product_images/278202/278202_ISO_0_ES.jpg?imwidth=392,"1,55 €",Grasas 34g de las cuales saturadas 19g Hidratos de Carbono 59g de los cuales azúcares 53g Fibra alimentaria 0.5g Proteínas 4.4g Sal 0.38g,No disponible,"(15,50 €/KILO)"
Calendario de adviento Nickelodeon caja 75 g (modelos diferentes),https://www.dia.es/azucar-chocolates-y-caramelos/chocolates-y-bombones/p/277527,https://www.dia.es/product_images/277527/277527_ISO_0_ES.jpg?imwidth=392,"1,99 €",No disponible,No disponible,"(26,53 €/KILO)"
Mini barritas de chocolate con leche Nickelodeon caja 100 g (modelos diferentes),https://www.dia.es/azucar-chocolates-y-caramelos/chocolates-y-bombones/p/277522,https://www.dia.es/product_images/277522/277522_ISO_0_ES.jpg?imwidth=392,"1,79 €",No disponible,No disponible,"(17,90 €/KILO)"
Chocolate negro 80% noir 0% azúcares Trapa 80 g,https://www.dia.es/azucar-chocolates-y-caramelos/chocolates-y-bombones/p/277438,https://www.dia.es/product_images/277438/277438_ISO_0_ES.jpg?imwidth=392,"1,55 €",Grasas 43g de las cuales saturadas 27g Hidratos de Carbono 26g de los cuales azúcares 1.1g Proteínas 10g Sal 0.06g Polialcoholes 20g,No disponible,"(19,38 €/KILO)"
Chocolate negro 95% cacao Trapa 80 g,https://www.dia.es/azucar-chocolates-y-caramelos/chocolates-y-bombones/p/277437,https://www.dia.es/product_images/277437/277437_ISO_0_ES.jpg?imwidth=392,"1,49 €",Grasas 52g de las cuales saturadas 33g Hidratos de Carbono 12g de los cuales azúcares 6.3g Proteínas 11g Sal 0.08g,No disponible,"(18,63 €/KILO)"
Chocolate 74% cacao con frambuesa Trapa 80 g,https://www.dia.es/azucar-chocolates-y-caramelos/chocolates-y-bombones/p/277436,https://www.dia.es/product_images/277436/277436_ISO_0_ES.jpg?imwidth=392,"1,85 €",Grasas 39g de las cuales saturadas 24g Hidratos de Carbono 31g de los cuales azúcares 27g Proteínas 9.3g Sal 0.06g,No disponible,"(23,13 €/KILO)"
Bombones coffee espresso Pocket coffee caja 225 g,https://www.dia.es/azucar-chocolates-y-caramelos/chocolates-y-bombones/p/277300,https://www.dia.es/product_images/277300/277300_ISO_0_ES.jpg?imwidth=392,"5,29 €",Grasas 20.5g de las cuales saturadas 13.3g Hidratos de Carbono 57.8g de los cuales azúcares 56.6g Proteínas 3.5g Sal 0.05g,No disponible,"(23,51 €/KILO)"
Surtido de chocolatinas con leche Navidad Kinder caja 76 g,https://www.dia.es/azucar-chocolates-y-caramelos/chocolates-y-bombones/p/277298,https://www.dia.es/product_images/277298/277298_ISO_0_ES.jpg?imwidth=392,"3,49 €",Grasas 35g de las cuales saturadas 22.6g Hidratos de Carbono 53.5g de los cuales azúcares 53.3g Proteínas 8.7g Sal 0.31g,No disponible,"(45,92 €/KILO)"
Chocolate con leche con trozos de oreo Milka 3 x 100 g,https://www.dia.es/azucar-chocolates-y-caramelos/chocolates-y-bombones/p/274382,https://www.dia.es/product_images/274382/274382_ISO_0_ES.jpg?imwidth=392,"3,90 €",No disponible,3x2 en selección mondelez,No disponible
Chocolate con leche Milka 3 x 100 g,https://www.dia.es/azucar-chocolates-y-caramelos/chocolates-y-bombones/p/274381,https://www.dia.es/product_images/274381/274381_ISO_0_ES.jpg?imwidth=392,"3,40 €",Grasas 31g de las cuales saturadas 19g Hidratos de Carbono 57g de los cuales azúcares 55g Fibra alimentaria 2.3g Proteínas 6.5g Sal 0.28g,3x2 en selección mondelez,No disponible
Bombones crocanti de chocolate y avellana Temptation de Dia caja 150 g,https://www.dia.es/azucar-chocolates-y-caramelos/chocolates-y-bombones/p/273493,https://www.dia.es/product_images/273493/273493_ISO_0_ES.jpg?imwidth=392,"3,59 €",Grasas 34g de las cuales saturadas 14g Hidratos de Carbono 50g de los cuales azúcares 42g Proteínas 8.8g Sal 0.19g,No disponible,"(23,93 €/KILO)"
"Barrita de chocolate con leche, cacahuete y caramelo nutrageous Reese's bolsa 47 g",https://www.dia.es/azucar-chocolates-y-caramelos/chocolates-y-bombones/p/273107,https://www.dia.es/product_images/273107/273107_ISO_0_ES.jpg?imwidth=392,"1,60 €",Grasas 30.2g de las cuales saturadas 9.9g Hidratos de Carbono 54.8g de los cuales azúcares 44.7g Proteínas 12g Sal 0.39g,No disponible,"(34,04 €/KILO)"
Chocolate con leche y galleta Nestlé Jungly 125 g,https://www.dia.es/azucar-chocolates-y-caramelos/chocolates-y-bombones/p/272731,https://www.dia.es/product_images/272731/272731_ISO_0_ES.jpg?imwidth=392,"1,69 €",Grasas 28.9g de las cuales saturadas 16.2g Hidratos de Carbono 60.2g de los cuales azúcares 52.6g Fibra alimentaria 1.8g Proteínas 6.5g Sal 0.18g,No disponible,"(13,52 €/KILO)"
Chocolate con leche relleno strawberry cheesecake Milka MMMAX 300 g,https://www.dia.es/azucar-chocolates-y-caramelos/chocolates-y-bombones/p/267908,https://www.dia.es/product_images/267908/267908_ISO_0_ES.jpg?imwidth=392,"3,95 €",Grasas 30g de las cuales saturadas 17g Hidratos de Carbono 60g de los cuales azúcares 49g Fibra alimentaria 1.2g Proteínas 4.9g Sal 0.36g,No disponible,"(13,17 €/KILO)"
Chocolate negro 85% cacao Nestlé Dark 120 g,https://www.dia.es/azucar-chocolates-y-caramelos/chocolates-y-bombones/p/267782,https://www.dia.es/product_images/267782/267782_ISO_0_ES.jpg?imwidth=392,"2,75 €",Grasas 46.6g de las cuales saturadas 28.2g Hidratos de Carbono 24.3g de los cuales azúcares 15.8g Fibra alimentaria 14.3g Proteínas 11.4g Sal 0.01g,No disponible,"(22,92 €/KILO)"
Figura de chocolate con leche santa Kit Kat bolsa 85 g,https://www.dia.es/azucar-chocolates-y-caramelos/chocolates-y-bombones/p/267771,https://www.dia.es/product_images/267771/267771_ISO_0_ES.jpg?imwidth=392,"2,19 €",Grasas 30.9g de las cuales saturadas 18.5g Hidratos de Carbono 54.3g de los cuales azúcares 52.9g Fibra alimentaria 1.6g Proteínas 9.4g Sal 0.45g,No disponible,"(25,76 €/KILO)"
Chocolatina santa Kit Kat bolsa 29 g,https://www.dia.es/azucar-chocolates-y-caramelos/chocolates-y-bombones/p/267770,https://www.dia.es/product_images/267770/267770_ISO_0_ES.jpg?imwidth=392,"0,99 €",Grasas 31.4g de las cuales saturadas 17.3g Hidratos de Carbono 55.6g de los cuales azúcares 50.4g Fibra alimentaria 2.9g Proteínas 6.2g Sal 0.25g,No disponible,"(34,14 €/KILO)"
Surtido de chocolatinas Santa Kit Kat bolsa 132.7 g,https://www.dia.es/azucar-chocolates-y-caramelos/chocolates-y-bombones/p/267752,https://www.dia.es/product_images/267752/267752_ISO_0_ES.jpg?imwidth=392,"5,49 €",Grasas 26.5g de las cuales saturadas 14.9g Hidratos de Carbono 60.4g de los cuales azúcares 43.7g Fibra alimentaria 2.5g Proteínas 6.7g Sal 0.15g,No disponible,"(49,91 €/KILO)"
Barritas de galleta recubiertas de chocolate Kit Kat bolsa 3 x 41.5 g,https://www.dia.es/azucar-chocolates-y-caramelos/chocolates-y-bombones/p/26137,https://www.dia.es/product_images/26137/26137_ISO_0_ES.jpg?imwidth=392,"2,59 €",Grasas 26.4g de las cuales saturadas 14.9g Hidratos de Carbono 60.5g de los cuales azúcares 43.5g Fibra alimentaria 2.5g Proteínas 6.7g Sal 0.15g,No disponible,"(20,80 €/KILO)"
Chocolate con leche relleno de brownie oreo Milka 100 g,https://www.dia.es/azucar-chocolates-y-caramelos/chocolates-y-bombones/p/256290,https://www.dia.es/product_images/256290/256290_ISO_0_ES.jpg?imwidth=392,"1,55 €",Grasas 35g de las cuales saturadas 20g Hidratos de Carbono 51g de los cuales azúcares 44g Fibra alimentaria 4.5g Proteínas 6g Sal 0.31g,No disponible,"(15,50 €/KILO)"
Chocolate negro Dolca 100 g,https://www.dia.es/azucar-chocolates-y-caramelos/chocolates-y-bombones/p/254524,https://www.dia.es/product_images/254524/254524_ISO_0_ES.jpg?imwidth=392,"1,05 €",Grasas 27.6g de las cuales saturadas 16.1g Hidratos de Carbono 58.2g de los cuales azúcares 54.6g Fibra alimentaria 6.9g Proteínas 5.7g Sal 0g,No disponible,"(10,50 €/KILO)"
Barritas de chocolate con leche Kinder caja 150 g,https://www.dia.es/azucar-chocolates-y-caramelos/chocolates-y-bombones/p/253602,https://www.dia.es/product_images/253602/253602_ISO_0_ES.jpg?imwidth=392,"2,49 €",Grasas 35g de las cuales saturadas 22.6g Hidratos de Carbono 53.5g de los cuales azúcares 53.3g Proteínas 8.7g Sal 0.31g,No disponible,"(16,60 €/KILO)"
Barrita rellena de caramelo con cacahuetes Snickers 50 g,https://www.dia.es/azucar-chocolates-y-caramelos/chocolates-y-bombones/p/25315,https://www.dia.es/product_images/25315/25315_ISO_0_ES.jpg?imwidth=392,"1,39 €",Grasas 23g de las cuales saturadas 7.6g Hidratos de Carbono 60g de los cuales azúcares 51g Proteínas 8.7g Sal 0.52g,No disponible,"(27,80 €/KILO)"
Figura de chocolate con leche Reyes Magos Kinder 36 g,https://www.dia.es/azucar-chocolates-y-caramelos/chocolates-y-bombones/p/251850,https://www.dia.es/product_images/251850/251850_ISO_0_ES.jpg?imwidth=392,"1,99 €",Grasas 36.2g de las cuales saturadas 24.1g Hidratos de Carbono 53.9g de los cuales azúcares 53.6g Proteínas 8.8g Sal 0.31g,No disponible,"(55,28 €/KILO)"
Bombones de chocolate Nestlé Caja Roja caja 3 x 100 g,https://www.dia.es/azucar-chocolates-y-caramelos/chocolates-y-bombones/p/251845,https://www.dia.es/product_images/251845/251845_ISO_0_ES.jpg?imwidth=392,"7,98 €",Grasas 33.5g de las cuales saturadas 17.3g Hidratos de Carbono 54.2g de los cuales azúcares 51g Fibra alimentaria 2.9g Proteínas 6.7g Sal 0.15g,No disponible,"(26,60 €/KILO)"
Huevos de chocolate blanco relleno de leche y avellanas Kinder bolsa 200 g,https://www.dia.es/azucar-chocolates-y-caramelos/chocolates-y-bombones/p/249826,https://www.dia.es/product_images/249826/249826_ISO_0_ES.jpg?imwidth=392,"4,39 €",Grasas 38.3g de las cuales saturadas 22.5g Hidratos de Carbono 47.3g de los cuales azúcares 47.2g Proteínas 10.3g Sal 0.38g,No disponible,"(21,95 €/KILO)"
Pétalos de chocolate con caramelo y sal Temptation de Dia estuche 125 g,https://www.dia.es/azucar-chocolates-y-caramelos/chocolates-y-bombones/p/249501,https://www.dia.es/product_images/249501/249501_ISO_0_ES.jpg?imwidth=392,"2,99 €",Grasas 36.5g de las cuales saturadas 21.9g Hidratos de Carbono 48.9g de los cuales azúcares 47.3g Proteínas 7.1g Sal 0.65g,No disponible,"(23,92 €/KILO)"
Pétalos de chocolate con leche Temptation de Dia caja 150 g,https://www.dia.es/azucar-chocolates-y-caramelos/chocolates-y-bombones/p/249495,https://www.dia.es/product_images/249495/249495_ISO_0_ES.jpg?imwidth=392,"2,99 €",Grasas 36.7g de las cuales saturadas 22g Hidratos de Carbono 49.2g de los cuales azúcares 47.6g Proteínas 7.1g Sal 0.18g,No disponible,"(19,93 €/KILO)"
Pétalos de chocolate negro Temptation de Dia caja 150 g,https://www.dia.es/azucar-chocolates-y-caramelos/chocolates-y-bombones/p/249493,https://www.dia.es/product_images/249493/249493_ISO_0_ES.jpg?imwidth=392,"2,99 €",Grasas 35g de las cuales saturadas 20.9g Hidratos de Carbono 46.6g de los cuales azúcares 40.9g Proteínas 6.7g Sal 0g,No disponible,"(19,93 €/KILO)"
Chocolate negro 99% cacao Lindt Excellence 50 g,https://www.dia.es/azucar-chocolates-y-caramelos/chocolates-y-bombones/p/248514,https://www.dia.es/product_images/248514/248514_ISO_0_ES.jpg?imwidth=392,"3,29 €",Grasas 51g de las cuales saturadas 31g Hidratos de Carbono 8g de los cuales azúcares 1g Proteínas 15g Sal 0.06g,No disponible,"(65,80 €/KILO)"
Chocolate negro 92% cacao Valor 170 g,https://www.dia.es/azucar-chocolates-y-caramelos/chocolates-y-bombones/p/248343,https://www.dia.es/product_images/248343/248343_ISO_0_ES.jpg?imwidth=392,"4,25 €",Grasas 50g de las cuales saturadas 32g Hidratos de Carbono 13g de los cuales azúcares 7.2g Proteínas 12g Sal 0.16g,No disponible,"(25,00 €/KILO)"
Grageas de chocolate con leche patrulla canina Lacasitos bote 20 g,https://www.dia.es/azucar-chocolates-y-caramelos/chocolates-y-bombones/p/243901,https://www.dia.es/product_images/243901/243901_ISO_0_ES.jpg?imwidth=392,"2,75 €",Grasas 19.5g de las cuales saturadas 12g de las cuales monoinsaturadas 6.7g de las cuales poliinsaturadas 0.8g Hidratos de Carbono 70.4g de los cuales azúcares 68.8g Fibra alimentaria 1.6g Proteínas 6g Sal 0.18g Polialcoholes 0g,No disponible,"(137,50 €/KILO)"
Bombones de chocolate con leche Lindt Lindor caja 75 g,https://www.dia.es/azucar-chocolates-y-caramelos/chocolates-y-bombones/p/241830,https://www.dia.es/product_images/241830/241830_ISO_0_ES.jpg?imwidth=392,"3,49 €",Grasas 48g de las cuales saturadas 34g Hidratos de Carbono 43g de los cuales azúcares 40g Proteínas 4.9g Sal 0.15g,No disponible,"(46,53 €/KILO)"
Chocolate blanco Nestlé Milkybar 100 g,https://www.dia.es/azucar-chocolates-y-caramelos/chocolates-y-bombones/p/241803,https://www.dia.es/product_images/241803/241803_ISO_0_ES.jpg?imwidth=392,"1,89 €",Grasas 32.5g de las cuales saturadas 19.5g Hidratos de Carbono 59.6g de los cuales azúcares 59.4g Fibra alimentaria 0.5g Proteínas 5.3g Sal 0.28g,No disponible,"(18,90 €/KILO)"
Trufas al cacao puro Lacasa caja 85 g,https://www.dia.es/azucar-chocolates-y-caramelos/chocolates-y-bombones/p/241610,https://www.dia.es/product_images/241610/241610_ISO_0_ES.jpg?imwidth=392,"1,09 €",No disponible,No disponible,"(12,82 €/KILO)"
Bombones surtidos Nestlé Caja Roja caja 198 g,https://www.dia.es/azucar-chocolates-y-caramelos/chocolates-y-bombones/p/24020,https://www.dia.es/product_images/24020/24020_ISO_0_ES.jpg?imwidth=392,"6,49 €",Grasas 33.6g de las cuales saturadas 17.3g Hidratos de Carbono 54.1g de los cuales azúcares 50.9g Fibra alimentaria 2.9g Proteínas 6.7g Sal 0.15g,No disponible,"(32,78 €/KILO)"
Chocolate negro 85% cacao sin azúcar añadido Valor 100 g,https://www.dia.es/azucar-chocolates-y-caramelos/chocolates-y-bombones/p/239709,https://www.dia.es/product_images/239709/239709_ISO_0_ES.jpg?imwidth=392,"2,49 €",Grasas 49g de las cuales saturadas 31g Hidratos de Carbono 19g de los cuales azúcares 0.3g Proteínas 11g Sal 0.12g,No disponible,"(24,90 €/KILO)"
Bombones surtidos Temptation de Dia caja 200 g,https://www.dia.es/azucar-chocolates-y-caramelos/chocolates-y-bombones/p/236267,https://www.dia.es/product_images/236267/236267_ISO_0_ES.jpg?imwidth=392,"4,95 €",Grasas 38g de las cuales saturadas 23g Hidratos de Carbono 51g de los cuales azúcares 49g Proteínas 5g Sal 0.12g,No disponible,"(24,75 €/KILO)"
Barritas de galleta recubiertas de chocolate blanco Kit Kat bolsa 3 x 41.5 g,https://www.dia.es/azucar-chocolates-y-caramelos/chocolates-y-bombones/p/233828,https://www.dia.es/product_images/233828/233828_ISO_0_ES.jpg?imwidth=392,"2,59 €",Grasas 25.9g de las cuales saturadas 14.6g Hidratos de Carbono 62.9g de los cuales azúcares 47.3g Fibra alimentaria 0.8g Proteínas 6.8g Sal 0.24g,No disponible,"(20,72 €/KILO)"
Figura de chocolate con leche Papá Noel Kinder 75 g,https://www.dia.es/azucar-chocolates-y-caramelos/chocolates-y-bombones/p/227028,https://www.dia.es/product_images/227028/227028_ISO_0_ES.jpg?imwidth=392,"2,99 €",Grasas 36.2g de las cuales saturadas 24.1g Hidratos de Carbono 53.9g de los cuales azúcares 53.6g Proteínas 8.8g Sal 0.31g,No disponible,"(39,87 €/KILO)"
Chocolate blanco Toblerone bolsa 100 g,https://www.dia.es/azucar-chocolates-y-caramelos/chocolates-y-bombones/p/226055,https://www.dia.es/product_images/226055/226055_ISO_0_ES.jpg?imwidth=392,"2,09 €",Grasas 29.5g de las cuales saturadas 18g Hidratos de Carbono 62g de los cuales azúcares 62g Fibra alimentaria 0.2g Proteínas 6.1g Sal 0.23g,No disponible,"(20,90 €/KILO)"
Chocolate negro 74% cacao con pepitas de chocolate caramelizadas Temptation de Dia 100 g,https://www.dia.es/azucar-chocolates-y-caramelos/chocolates-y-bombones/p/225442,https://www.dia.es/product_images/225442/225442_ISO_0_ES.jpg?imwidth=392,"1,75 €",Grasas 39g de las cuales saturadas 25g Hidratos de Carbono 32g de los cuales azúcares 27g Proteínas 9.2g Sal 0.05g,No disponible,"(17,50 €/KILO)"
Chocolate negro 74% cacao con naranja confitada Temptation de Dia 100 g,https://www.dia.es/azucar-chocolates-y-caramelos/chocolates-y-bombones/p/225441,https://www.dia.es/product_images/225441/225441_ISO_0_ES.jpg?imwidth=392,"1,75 €",Grasas 37g de las cuales saturadas 23g Hidratos de Carbono 34g de los cuales azúcares 29g Proteínas 8.7g Sal 0.07g,No disponible,"(17,50 €/KILO)"
Barritas de galleta recubiertas de chocolate negro 70% Kit Kat bolsa 3 x 41.5 g,https://www.dia.es/azucar-chocolates-y-caramelos/chocolates-y-bombones/p/222148,https://www.dia.es/product_images/222148/222148_ISO_0_ES.jpg?imwidth=392,"2,59 €",Grasas 25.8g de las cuales saturadas 14g Hidratos de Carbono 58.6g de los cuales azúcares 44.8g Fibra alimentaria 5.5g Proteínas 5.6g Sal 0.04g,No disponible,"(20,72 €/KILO)"
Chocolate negro 70% cacao Nestlé 120 g,https://www.dia.es/azucar-chocolates-y-caramelos/chocolates-y-bombones/p/219060,https://www.dia.es/product_images/219060/219060_ISO_0_ES.jpg?imwidth=392,"2,59 €",Grasas 44.7g de las cuales saturadas 26.8g Hidratos de Carbono 33g de los cuales azúcares 26.5g Fibra alimentaria 10.9g Proteínas 9g Sal 0g,No disponible,"(21,58 €/KILO)"
Chocolate negro Toblerone 100 g,https://www.dia.es/azucar-chocolates-y-caramelos/chocolates-y-bombones/p/218832,https://www.dia.es/product_images/218832/218832_ISO_0_ES.jpg?imwidth=392,"2,09 €",Grasas 30g de las cuales saturadas 18g Hidratos de Carbono 50g de los cuales azúcares 47g Fibra alimentaria 8.9g Proteínas 5.9g Sal 0.01g,No disponible,"(20,90 €/KILO)"
Chocolate negro 82% cacao Valor 170 g,https://www.dia.es/azucar-chocolates-y-caramelos/chocolates-y-bombones/p/216332,https://www.dia.es/product_images/216332/216332_ISO_0_ES.jpg?imwidth=392,"3,59 €",Grasas 44g de las cuales saturadas 28g Hidratos de Carbono 22g de los cuales azúcares 16g Proteínas 12g Sal 0.11g,No disponible,"(21,12 €/KILO)"
Chocolate con leche Nestlé Extrafino 125 g,https://www.dia.es/azucar-chocolates-y-caramelos/chocolates-y-bombones/p/216,https://www.dia.es/product_images/216/216_ISO_0_ES.jpg?imwidth=392,"1,49 €",Grasas 30.8g de las cuales saturadas 17.7g Hidratos de Carbono 58.9g de los cuales azúcares 57.8g Fibra alimentaria 1.8g Proteínas 6.2g Sal 0.13g Calcio 167mg,No disponible,"(11,92 €/KILO)"
Chocolate mints Temptation de Dia caja 165 g,https://www.dia.es/azucar-chocolates-y-caramelos/chocolates-y-bombones/p/209656,https://www.dia.es/product_images/209656/209656_ISO_0_ES.jpg?imwidth=392,"1,99 €",Grasas 17g de las cuales saturadas 10g Hidratos de Carbono 70g de los cuales azúcares 61g Proteínas 3.5g Sal 0.03g,No disponible,"(12,06 €/KILO)"
Barritas de barquillo recubierta de chocolate blanco Huesitos bolsa 200 g,https://www.dia.es/azucar-chocolates-y-caramelos/chocolates-y-bombones/p/206315,https://www.dia.es/product_images/206315/206315_ISO_0_ES.jpg?imwidth=392,"2,45 €",Grasas 25g de las cuales saturadas 17g Hidratos de Carbono 63g de los cuales azúcares 53g Proteínas 7.4g Sal 0.3g,No disponible,"(12,25 €/KILO)"
Chocolate blanco con lacasitos Lacasitos 100 g,https://www.dia.es/azucar-chocolates-y-caramelos/chocolates-y-bombones/p/205513,https://www.dia.es/product_images/205513/205513_ISO_0_ES.jpg?imwidth=392,"1,99 €",Grasas 29.1g de las cuales saturadas 17.8g de las cuales monoinsaturadas 9.8g de las cuales poliinsaturadas 1.3g Hidratos de Carbono 60.9g de los cuales azúcares 60.5g Fibra alimentaria 0.3g Proteínas 7.2g Sal 0.28g Polialcoholes 0g,No disponible,"(19,90 €/KILO)"
Chocolate con leche con trozos de oreo Milka 300 g,https://www.dia.es/azucar-chocolates-y-caramelos/chocolates-y-bombones/p/203153,https://www.dia.es/product_images/203153/203153_ISO_0_ES.jpg?imwidth=392,"3,75 €",Grasas 34g de las cuales saturadas 19g Hidratos de Carbono 56g de los cuales azúcares 48g Fibra alimentaria 1.7g Proteínas 5g Sal 0.39g,3x2 en selección mondelez,No disponible
Chocolate negro fondant para postres Nestlé 200 g,https://www.dia.es/azucar-chocolates-y-caramelos/chocolates-y-bombones/p/19092,https://www.dia.es/product_images/19092/19092_ISO_0_ES.jpg?imwidth=392,"3,59 €",Grasas 34.1g de las cuales saturadas 20.2g Hidratos de Carbono 50.7g de los cuales azúcares 46.4g Fibra alimentaria 7.3g Proteínas 6g Sal 0.01g,No disponible,"(17,95 €/KILO)"
Chocolate negro con almendras enteras Valor 250 g,https://www.dia.es/azucar-chocolates-y-caramelos/chocolates-y-bombones/p/189849,https://www.dia.es/product_images/189849/189849_ISO_0_ES.jpg?imwidth=392,"4,99 €",Grasas 42g de las cuales saturadas 18g Hidratos de Carbono 26g de los cuales azúcares 22g Proteínas 14g Sal 0.08g,No disponible,"(19,96 €/KILO)"
Chocolate con leche y avellanas enteras Milka 100 g,https://www.dia.es/azucar-chocolates-y-caramelos/chocolates-y-bombones/p/188647,https://www.dia.es/product_images/188647/188647_ISO_0_ES.jpg?imwidth=392,"1,55 €",Grasas 37g de las cuales saturadas 16g Hidratos de Carbono 47g de los cuales azúcares 45g Fibra alimentaria 3.7g Proteínas 8.2g Sal 0.22g,3x2 en selección mondelez,No disponible
Chocolate negro 70% cacao relleno con mousse de naranja Valor 150 g,https://www.dia.es/azucar-chocolates-y-caramelos/chocolates-y-bombones/p/188427,https://www.dia.es/product_images/188427/188427_ISO_0_ES.jpg?imwidth=392,"3,25 €",Grasas 36g de las cuales saturadas 23g Hidratos de Carbono 38g de los cuales azúcares 3.7g Proteínas 9.3g Sal 0.13g,No disponible,"(21,67 €/KILO)"
Chocolate con leche Valor 300 g,https://www.dia.es/azucar-chocolates-y-caramelos/chocolates-y-bombones/p/187852,https://www.dia.es/product_images/187852/187852_ISO_0_ES.jpg?imwidth=392,"3,99 €",Grasas 31.5g de las cuales saturadas 20g Hidratos de Carbono 54.6g de los cuales azúcares 53.5g Proteínas 7.3g Sal 0.35g,No disponible,"(13,30 €/KILO)"
Chocolate con leche y avellanas Nestlé Extrafino 123 g,https://www.dia.es/azucar-chocolates-y-caramelos/chocolates-y-bombones/p/187847,https://www.dia.es/product_images/187847/187847_ISO_0_ES.jpg?imwidth=392,"2,05 €",Grasas 35.3g de las cuales saturadas 15.6g Hidratos de Carbono 51.6g de los cuales azúcares 49.8g Fibra alimentaria 2.6g Proteínas 7.4g Sal 0.11g,2ª ud al 50% dto. selección extrafino nestlé,No disponible
Chocolate puro Valor 300 g,https://www.dia.es/azucar-chocolates-y-caramelos/chocolates-y-bombones/p/187844,https://www.dia.es/product_images/187844/187844_ISO_0_ES.jpg?imwidth=392,"4,15 €",Grasas 33g de las cuales saturadas 21g Hidratos de Carbono 50g de los cuales azúcares 47g Proteínas 6.2g Sal 0.08g,No disponible,"(13,83 €/KILO)"
Mini barritas de chocolate con leche y avellanas Kinder bolsa 108 g,https://www.dia.es/azucar-chocolates-y-caramelos/chocolates-y-bombones/p/184718,https://www.dia.es/product_images/184718/184718_ISO_0_ES.jpg?imwidth=392,"2,99 €",Grasas 37.3g de las cuales saturadas 17.3g Hidratos de Carbono 49.5g de los cuales azúcares 41.2g Proteínas 8.6g Sal 0.27g,No disponible,"(27,69 €/KILO)"
Bombones surtidos pack Lindt Lindor caja 600 g,https://www.dia.es/azucar-chocolates-y-caramelos/chocolates-y-bombones/p/184685,https://www.dia.es/product_images/184685/184685_ISO_0_ES.jpg?imwidth=392,"14,99 €",Grasas 47g de las cuales saturadas 35g Hidratos de Carbono 44g de los cuales azúcares 43g Proteínas 4.9g Sal 0.23g,No disponible,"(24,98 €/KILO)"
Barritas de galleta recubiertas de chocolate blanco Kit Kat bolsa 42 g,https://www.dia.es/azucar-chocolates-y-caramelos/chocolates-y-bombones/p/183917,https://www.dia.es/product_images/183917/183917_ISO_0_ES.jpg?imwidth=392,"1,39 €",Grasas 25.9g de las cuales saturadas 14.6g Hidratos de Carbono 62.9g de los cuales azúcares 47.3g Fibra alimentaria 0.8g Proteínas 6.8g Sal 0.24g,No disponible,"(33,10 €/KILO)"
Barritas de chocolate blanco y avellanas Kinder Bueno bolsa 39 g,https://www.dia.es/azucar-chocolates-y-caramelos/chocolates-y-bombones/p/18373,https://www.dia.es/product_images/18373/18373_ISO_0_ES.jpg?imwidth=392,"1,39 €",Grasas 35.9g de las cuales saturadas 16.8g Hidratos de Carbono 53g de los cuales azúcares 43.9g Proteínas 8.5g Sal 0.33g,No disponible,"(35,64 €/KILO)"
Barritas de chocolate y caramelo 3 unidades Mars bolsa 135 g,https://www.dia.es/azucar-chocolates-y-caramelos/chocolates-y-bombones/p/18242,https://www.dia.es/product_images/18242/18242_ISO_0_ES.jpg?imwidth=392,"2,79 €",Grasas 16g de las cuales saturadas 7.4g Hidratos de Carbono 70g de los cuales azúcares 61g Proteínas 4.5g Sal 0.67g,No disponible,"(20,67 €/KILO)"
Barritas de chocolate con caramelo y cacahuetes 3 unidades Snickers bolsa 150 g,https://www.dia.es/azucar-chocolates-y-caramelos/chocolates-y-bombones/p/18237,https://www.dia.es/product_images/18237/18237_ISO_0_ES.jpg?imwidth=392,"2,79 €",Grasas 23g de las cuales saturadas 7.6g Hidratos de Carbono 60g de los cuales azúcares 51g Proteínas 8.7g Sal 0.52g,No disponible,"(18,60 €/KILO)"
Chocolate con leche con trozos de chips ahoy Milka 100 g,https://www.dia.es/azucar-chocolates-y-caramelos/chocolates-y-bombones/p/181068,https://www.dia.es/product_images/181068/181068_ISO_0_ES.jpg?imwidth=392,"1,55 €",Grasas 36g de las cuales saturadas 20g Hidratos de Carbono 55g de los cuales azúcares 50g Fibra alimentaria 1.6g Proteínas 4.9g Sal 0.27g,3x2 en selección mondelez,No disponible
Chocolate con leche para postres Nestlé 170 g,https://www.dia.es/azucar-chocolates-y-caramelos/chocolates-y-bombones/p/178025,https://www.dia.es/product_images/178025/178025_ISO_0_ES.jpg?imwidth=392,"3,39 €",Grasas 34.1g de las cuales saturadas 20.1g Hidratos de Carbono 53.3g de los cuales azúcares 51.2g Fibra alimentaria 3.6g Proteínas 6.7g Sal 0.13g,No disponible,"(19,94 €/KILO)"
Wafer de chocolate sin gluten Proceli bolsa 100 g,https://www.dia.es/azucar-chocolates-y-caramelos/chocolates-y-bombones/p/175187,https://www.dia.es/product_images/175187/175187_ISO_0_ES.jpg?imwidth=392,"3,65 €",Grasas 30g de las cuales saturadas 18g Hidratos de Carbono 56g de los cuales azúcares 49g Fibra alimentaria 7g Proteínas 0.21g Sal 0.21g,No disponible,"(36,50 €/KILO)"
Bombones de chocolate negro con cereza y licor Ferrero Moncheri caja 157.5 g,https://www.dia.es/azucar-chocolates-y-caramelos/chocolates-y-bombones/p/173500,https://www.dia.es/product_images/173500/173500_ISO_0_ES.jpg?imwidth=392,"5,49 €",Grasas 20.3g de las cuales saturadas 13.2g Hidratos de Carbono 52.8g de los cuales azúcares 48.3g Proteínas 3g Sal 0.01g,No disponible,"(34,86 €/KILO)"
Chocolate con leche y almendras Nestlé Extrafino 123 g,https://www.dia.es/azucar-chocolates-y-caramelos/chocolates-y-bombones/p/1721,https://www.dia.es/product_images/1721/1721_ISO_0_ES.jpg?imwidth=392,"2,05 €",Grasas 34g de las cuales saturadas 15.6g Hidratos de Carbono 51.6g de los cuales azúcares 49.9g Fibra alimentaria 3.2g Proteínas 8.4g Sal 0.11g,2ª ud al 50% dto. selección extrafino nestlé,No disponible
Barritas de chocolate blanco rellenas de caramelo y galleta Twix bolsa 46 g,https://www.dia.es/azucar-chocolates-y-caramelos/chocolates-y-bombones/p/169983,https://www.dia.es/product_images/169983/169983_ISO_0_ES.jpg?imwidth=392,"1,39 €",Grasas 25g de las cuales saturadas 15g Hidratos de Carbono 63g de los cuales azúcares 47g Proteínas 5g Sal 0.4g,No disponible,"(30,22 €/KILO)"
Chocolate negro 70% cacao Valor 200 g,https://www.dia.es/azucar-chocolates-y-caramelos/chocolates-y-bombones/p/167760,https://www.dia.es/product_images/167760/167760_ISO_0_ES.jpg?imwidth=392,"3,60 €",Grasas 35.8g de las cuales saturadas 22.8g Hidratos de Carbono 33.8g de los cuales azúcares 28.9g Proteínas 10.5g Sal 0.1g,No disponible,"(18,00 €/KILO)"
Barritas de barquillo recubierta de chocolate con leche Huesitos bolsa 120 g,https://www.dia.es/azucar-chocolates-y-caramelos/chocolates-y-bombones/p/159579,https://www.dia.es/product_images/159579/159579_ISO_0_ES.jpg?imwidth=392,"1,70 €",Grasas 23g de las cuales saturadas 13g Hidratos de Carbono 66g de los cuales azúcares 42g Proteínas 6.5g Sal 0.32g,No disponible,"(14,17 €/KILO)"
Barrita de chocolate y caramelo Mars bolsa 51 g,https://www.dia.es/azucar-chocolates-y-caramelos/chocolates-y-bombones/p/156729,https://www.dia.es/product_images/156729/156729_ISO_0_ES.jpg?imwidth=392,"1,39 €",Grasas 16g de las cuales saturadas 7.4g Hidratos de Carbono 70g de los cuales azúcares 61g Proteínas 4.5g Sal 0.67g,No disponible,"(27,25 €/KILO)"
Barritas de galleta recubiertas de chocolate con leche Kit Kat bolsa 41.5 g,https://www.dia.es/azucar-chocolates-y-caramelos/chocolates-y-bombones/p/156688,https://www.dia.es/product_images/156688/156688_ISO_0_ES.jpg?imwidth=392,"1,39 €",Grasas 26.4g de las cuales saturadas 14.9g Hidratos de Carbono 60.5g de los cuales azúcares 43.5g Fibra alimentaria 2.5g Proteínas 6.7g Sal 0.15g,No disponible,"(33,49 €/KILO)"
Chocolate negro Temptation de Dia 100 g,https://www.dia.es/azucar-chocolates-y-caramelos/chocolates-y-bombones/p/1553,https://www.dia.es/product_images/1553/1553_ISO_0_ES.jpg?imwidth=392,"1,00 €",Grasas 31g de las cuales saturadas 20g Hidratos de Carbono 49g de los cuales azúcares 46g Proteínas 6g Sal 0.04g,No disponible,"(10,00 €/KILO)"
Chocolate con leche con trozos de oreo Milka 100 g,https://www.dia.es/azucar-chocolates-y-caramelos/chocolates-y-bombones/p/148491,https://www.dia.es/product_images/148491/148491_ISO_0_ES.jpg?imwidth=392,"1,55 €",Grasas 35g de las cuales saturadas 20g Hidratos de Carbono 56g de los cuales azúcares 49g Fibra alimentaria 1.6g Proteínas 4.8g Sal 0.33g,3x2 en selección mondelez,No disponible
Chocolate blanco para postres Nestlé 170 g,https://www.dia.es/azucar-chocolates-y-caramelos/chocolates-y-bombones/p/148474,https://www.dia.es/product_images/148474/148474_ISO_0_ES.jpg?imwidth=392,"3,29 €",Grasas 34.2g de las cuales saturadas 21g Hidratos de Carbono 55.4g de los cuales azúcares 55.4g Fibra alimentaria 0.5g Proteínas 7.8g Sal 0.27g,No disponible,"(19,35 €/KILO)"
Chocolate negro 70% cacao sin azúcar Valor 100 g,https://www.dia.es/azucar-chocolates-y-caramelos/chocolates-y-bombones/p/148195,https://www.dia.es/product_images/148195/148195_ISO_0_ES.jpg?imwidth=392,"2,15 €",Grasas 35.8g de las cuales saturadas 22.6g Hidratos de Carbono 33.7g de los cuales azúcares 0.3g Proteínas 10.5g Sal 0.1g,No disponible,"(21,50 €/KILO)"
Chocolate puro con almendras sin azúcar Valor 150 g,https://www.dia.es/azucar-chocolates-y-caramelos/chocolates-y-bombones/p/148194,https://www.dia.es/product_images/148194/148194_ISO_0_ES.jpg?imwidth=392,"3,40 €",Grasas 40.1g de las cuales saturadas 17.2g Hidratos de Carbono 37.8g de los cuales azúcares 0.5g Proteínas 9.9g Sal 0.06g,No disponible,"(22,67 €/KILO)"
Bombones collection Ferrero caja 168 g,https://www.dia.es/azucar-chocolates-y-caramelos/chocolates-y-bombones/p/146513,https://www.dia.es/product_images/146513/146513_ISO_0_ES.jpg?imwidth=392,"8,99 €",Grasas 48.6g de las cuales saturadas 29.7g Hidratos de Carbono 38.3g de los cuales azúcares 33.3g Proteínas 7.2g Sal 0.31g,No disponible,"(53,51 €/KILO)"
Barritas de chocolate blanco y avellanas Kinder bolsa 3 x 39 g,https://www.dia.es/azucar-chocolates-y-caramelos/chocolates-y-bombones/p/144684,https://www.dia.es/product_images/144684/144684_ISO_0_ES.jpg?imwidth=392,"3,29 €",Grasas 35.9g de las cuales saturadas 16.8g Hidratos de Carbono 53g de los cuales azúcares 43.9g Proteínas 8.5g Sal 0.33g,No disponible,"(28,12 €/KILO)"
Bolitas de chocolate rellenas de leche malteada Maltesers bolsa 37 g,https://www.dia.es/azucar-chocolates-y-caramelos/chocolates-y-bombones/p/144579,https://www.dia.es/product_images/144579/144579_ISO_0_ES.jpg?imwidth=392,"1,39 €",Grasas 25g de las cuales saturadas 15g Hidratos de Carbono 62g de los cuales azúcares 53g Proteínas 8.5g Sal 0.38g,No disponible,"(37,57 €/KILO)"
Cacahuetes cubiertos de chocolate Conguitos bolsa 220 g,https://www.dia.es/azucar-chocolates-y-caramelos/chocolates-y-bombones/p/144410,https://www.dia.es/product_images/144410/144410_ISO_0_ES.jpg?imwidth=392,"3,99 €",Grasas 30.5g de las cuales saturadas 10.7g de las cuales monoinsaturadas 13.1g de las cuales poliinsaturadas 6.7g Hidratos de Carbono 48g de los cuales azúcares 44.6g Fibra alimentaria 5.5g Proteínas 11.7g Sal 0.02g Polialcoholes 0g,No disponible,"(18,14 €/KILO)"
Grageas de chocolate con leche Lacasitos bolsa 190 g,https://www.dia.es/azucar-chocolates-y-caramelos/chocolates-y-bombones/p/144409,https://www.dia.es/product_images/144409/144409_ISO_0_ES.jpg?imwidth=392,"3,99 €",Grasas 19.5g de las cuales saturadas 12g de las cuales monoinsaturadas 6.7g de las cuales poliinsaturadas 0.8g Hidratos de Carbono 70.4g de los cuales azúcares 68.8g Fibra alimentaria 1.6g Proteínas 6g Sal 0.18g Polialcoholes 0g,No disponible,"(21,00 €/KILO)"
Figuras de chocolate festive friends Kit Kat bolsa 147 g,https://www.dia.es/azucar-chocolates-y-caramelos/chocolates-y-bombones/p/144057,https://www.dia.es/product_images/144057/144057_ISO_0_ES.jpg?imwidth=392,"3,99 €",Grasas 31g de las cuales saturadas 17.2g Hidratos de Carbono 56g de los cuales azúcares 50.2g Fibra alimentaria 2.8g Proteínas 6.3g Sal 0.24g,No disponible,"(27,14 €/KILO)"
Chocolate negro 85% cacao Lindt Excellence 100 g,https://www.dia.es/azucar-chocolates-y-caramelos/chocolates-y-bombones/p/14013,https://www.dia.es/product_images/14013/14013_ISO_0_ES.jpg?imwidth=392,"3,25 €",Grasas 46g de las cuales saturadas 28g Hidratos de Carbono 19g de los cuales azúcares 14g Proteínas 11g Sal 0.08g,No disponible,"(32,50 €/KILO)"
Chocolate con leche con almendras enteras Valor 250 g,https://www.dia.es/azucar-chocolates-y-caramelos/chocolates-y-bombones/p/140040,https://www.dia.es/product_images/140040/140040_ISO_0_ES.jpg?imwidth=392,"4,15 €",Grasas 39g de las cuales saturadas 16g Hidratos de Carbono 41g de los cuales azúcares 41g Proteínas 11g Sal 0.26g,No disponible,"(16,60 €/KILO)"
Bombones frutos del mar Temptation de Dia caja 250 g,https://www.dia.es/azucar-chocolates-y-caramelos/chocolates-y-bombones/p/137505,https://www.dia.es/product_images/137505/137505_ISO_0_ES.jpg?imwidth=392,"3,99 €",Grasas 34.6g de las cuales saturadas 20.5g Hidratos de Carbono 56.6g de los cuales azúcares 55.9g Proteínas 4.6g Sal 0.08g,No disponible,"(15,96 €/KILO)"
Bombones Ferrero Rocher caja 300 g,https://www.dia.es/azucar-chocolates-y-caramelos/chocolates-y-bombones/p/136921,https://www.dia.es/product_images/136921/136921_ISO_0_ES.jpg?imwidth=392,"9,49 €",Grasas 42.7g de las cuales saturadas 14.1g Hidratos de Carbono 44.4g de los cuales azúcares 39.9g Proteínas 8.2g Sal 0.15g,No disponible,"(31,63 €/KILO)"
Grageas de chocolate con leche M&M's bolsa 200 g,https://www.dia.es/azucar-chocolates-y-caramelos/chocolates-y-bombones/p/136715,https://www.dia.es/product_images/136715/136715_ISO_0_ES.jpg?imwidth=392,"3,59 €",Grasas 19g de las cuales saturadas 12g Hidratos de Carbono 71g de los cuales azúcares 67g Proteínas 5g Sal 0.13g,No disponible,"(17,95 €/KILO)"
Bombones Ferrero Rocher caja 200 g,https://www.dia.es/azucar-chocolates-y-caramelos/chocolates-y-bombones/p/13321,https://www.dia.es/product_images/13321/13321_ISO_0_ES.jpg?imwidth=392,"6,49 €",Grasas 42.7g de las cuales saturadas 14.1g Hidratos de Carbono 44.4g de los cuales azúcares 39.9g Proteínas 8.2g Sal 0.15g,No disponible,"(32,45 €/KILO)"
Huevos de chocolate relleno de leche y avellanas Kinder bolsa 125 g,https://www.dia.es/azucar-chocolates-y-caramelos/chocolates-y-bombones/p/132928,https://www.dia.es/product_images/132928/132928_ISO_0_ES.jpg?imwidth=392,"3,19 €",Grasas 36.6g de las cuales saturadas 21.2g Hidratos de Carbono 52.5g de los cuales azúcares 52.2g Proteínas 8.3g Sal 0.28g,No disponible,"(25,52 €/KILO)"
Chocolate con leche relleno de galleta choco-swing Milka 300 g,https://www.dia.es/azucar-chocolates-y-caramelos/chocolates-y-bombones/p/12964,https://www.dia.es/product_images/12964/12964_ISO_0_ES.jpg?imwidth=392,"3,50 €",Grasas 35g de las cuales saturadas 20g Hidratos de Carbono 56g de los cuales azúcares 47g Fibra alimentaria 2.1g Proteínas 4.9g Sal 0.28g,No disponible,"(11,67 €/KILO)"
Cacahuete recubierto de chocolate con leche M&M's bolsa 45 g,https://www.dia.es/azucar-chocolates-y-caramelos/chocolates-y-bombones/p/126410,https://www.dia.es/product_images/126410/126410_ISO_0_ES.jpg?imwidth=392,"1,39 €",Grasas 26g de las cuales saturadas 11g Hidratos de Carbono 59g de los cuales azúcares 53g Proteínas 9.9g Sal 0.09g,No disponible,"(30,89 €/KILO)"
Figura de Reyes magos de chocolate Riegelein 60 g (modelos diferentes),https://www.dia.es/azucar-chocolates-y-caramelos/chocolates-y-bombones/p/124947,https://www.dia.es/product_images/124947/124947_ISO_0_ES.jpg?imwidth=392,"1,50 €",Grasas 30g de las cuales saturadas 19g Hidratos de Carbono 62g de los cuales azúcares 61g Proteínas 6g Sal 0.07g,No disponible,"(25,00 €/KILO)"
Huevos de chocolate con sorpresa Kinder estuche 126 g,https://www.dia.es/azucar-chocolates-y-caramelos/chocolates-y-bombones/p/124636,https://www.dia.es/product_images/124636/124636_ISO_0_ES.jpg?imwidth=392,"6,69 €",Grasas 34.2g de las cuales saturadas 22.6g Hidratos de Carbono 52.3g de los cuales azúcares 52.1g Proteínas 8.1g Sal 0.32g,No disponible,"(53,10 €/KILO)"
Chocolate con leche con cereales Nestlé Crunch 100 g,https://www.dia.es/azucar-chocolates-y-caramelos/chocolates-y-bombones/p/12362,https://www.dia.es/product_images/12362/12362_ISO_0_ES.jpg?imwidth=392,"1,95 €",Grasas 25.8g de las cuales saturadas 15.6g Hidratos de Carbono 62.4g de los cuales azúcares 50.4g Fibra alimentaria 1.8g Proteínas 6.5g Sal 0.35g,No disponible,"(19,50 €/KILO)"
Grageas de chocolate con leche Lacasitos bolsa 80 g,https://www.dia.es/azucar-chocolates-y-caramelos/chocolates-y-bombones/p/123215,https://www.dia.es/product_images/123215/123215_ISO_0_ES.jpg?imwidth=392,"3,19 €",Grasas 19.5g de las cuales saturadas 12g de las cuales monoinsaturadas 6.7g de las cuales poliinsaturadas 0.8g Hidratos de Carbono 70.4g de los cuales azúcares 68.8g Fibra alimentaria 1.6g Proteínas 6g Sal 0.18g Polialcoholes 0g,No disponible,"(39,88 €/KILO)"
Chocolate con leche relleno de lacasitos Lacasitos 100 g,https://www.dia.es/azucar-chocolates-y-caramelos/chocolates-y-bombones/p/122965,https://www.dia.es/product_images/122965/122965_ISO_0_ES.jpg?imwidth=392,"1,99 €",Grasas 32.6g de las cuales saturadas 20.2g de las cuales monoinsaturadas 10.9g de las cuales poliinsaturadas 1.4g Hidratos de Carbono 58g de los cuales azúcares 57g Fibra alimentaria 1.5g Proteínas 5.6g Sal 0.17g Polialcoholes 0g,No disponible,"(19,90 €/KILO)"
Cacahuete recubierto de chocolate con leche M&M's bolsa 200 g,https://www.dia.es/azucar-chocolates-y-caramelos/chocolates-y-bombones/p/11951,https://www.dia.es/product_images/11951/11951_ISO_0_ES.jpg?imwidth=392,"3,59 €",Grasas 26g de las cuales saturadas 11g Hidratos de Carbono 60g de los cuales azúcares 53g Proteínas 9.8g Sal 0.11g,No disponible,"(17,95 €/KILO)"
Caramelos de chocolate Toffiffe caja 125 g,https://www.dia.es/azucar-chocolates-y-caramelos/chocolates-y-bombones/p/116744,https://www.dia.es/product_images/116744/116744_ISO_0_ES.jpg?imwidth=392,"2,19 €",Grasas 28.7g de las cuales saturadas 12.6g Hidratos de Carbono 58.5g de los cuales azúcares 48.5g Proteínas 5.9g Sal 0.22g,No disponible,"(17,52 €/KILO)"
Chocolate para hacer a la taza Valor 300 g,https://www.dia.es/azucar-chocolates-y-caramelos/chocolates-y-bombones/p/115604,https://www.dia.es/product_images/115604/115604_ISO_0_ES.jpg?imwidth=392,"3,45 €",Grasas 24.4g de las cuales saturadas 15.3g Hidratos de Carbono 60.7g de los cuales azúcares 50g Proteínas 5.3g Sal 0.06g,No disponible,"(11,50 €/KILO)"
Huevos de chocolate con sorpresa Kinder blister 3 x 20 g,https://www.dia.es/azucar-chocolates-y-caramelos/chocolates-y-bombones/p/110798,https://www.dia.es/product_images/110798/110798_ISO_0_ES.jpg?imwidth=392,"3,99 €",Grasas 32g de las cuales saturadas 15.4g Hidratos de Carbono 56.5g de los cuales azúcares 51g Proteínas 8.2g Sal 0.32g,No disponible,"(66,50 €/KILO)"
Chocolate con leche y almendras troceadas Milka 125 g,https://www.dia.es/azucar-chocolates-y-caramelos/chocolates-y-bombones/p/110031,https://www.dia.es/product_images/110031/110031_ISO_0_ES.jpg?imwidth=392,"2,09 €",Grasas 34g de las cuales saturadas 17g Hidratos de Carbono 50g de los cuales azúcares 48g Fibra alimentaria 3.7g Proteínas 8.8g Sal 0.23g,3x2 en selección mondelez,No disponible
Chocolate puro con almendras enteras Valor 250 g,https://www.dia.es/azucar-chocolates-y-caramelos/chocolates-y-bombones/p/109821,https://www.dia.es/product_images/109821/109821_ISO_0_ES.jpg?imwidth=392,"4,15 €",Grasas 40g de las cuales saturadas 17.2g Hidratos de Carbono 38g de los cuales azúcares 35.9g Proteínas 9.9g Sal 0.06g,No disponible,"(16,60 €/KILO)"
Chocolate con leche y almendras enteras 0% azúcares Valor 150 g,https://www.dia.es/azucar-chocolates-y-caramelos/chocolates-y-bombones/p/108713,https://www.dia.es/product_images/108713/108713_ISO_0_ES.jpg?imwidth=392,"3,40 €",Grasas 39.9g de las cuales saturadas 17.2g Hidratos de Carbono 39g de los cuales azúcares 6.9g Proteínas 11.6g Sal 0.2g,No disponible,"(22,67 €/KILO)"
Barritas de chocolate con leche y avellanas Kinder bolsa 3 x 43 g,https://www.dia.es/azucar-chocolates-y-caramelos/chocolates-y-bombones/p/107473,https://www.dia.es/product_images/107473/107473_ISO_0_ES.jpg?imwidth=392,"3,29 €",Grasas 37.3g de las cuales saturadas 17.3g Hidratos de Carbono 49.5g de los cuales azúcares 41.2g Proteínas 8.6g Sal 0.27g,No disponible,"(25,50 €/KILO)"
Chocolate negro con un toque de flor de sal Lindt Excellence 100 g,https://www.dia.es/azucar-chocolates-y-caramelos/chocolates-y-bombones/p/107125,https://www.dia.es/product_images/107125/107125_ISO_0_ES.jpg?imwidth=392,"3,00 €",Grasas 32g de las cuales saturadas 20g Hidratos de Carbono 50g de los cuales azúcares 48g Proteínas 6.2g Sal 0.31g,No disponible,"(30,00 €/KILO)"
Bombones rellenos de coco y almendra Ferrero Rafaello bolsa 38 g,https://www.dia.es/azucar-chocolates-y-caramelos/chocolates-y-bombones/p/103229,https://www.dia.es/product_images/103229/103229_ISO_0_ES.jpg?imwidth=392,"1,50 €",Grasas 48.6g de las cuales saturadas 29.7g Hidratos de Carbono 38.3g de los cuales azúcares 33.3g Proteínas 7.2g Sal 0.31g,No disponible,"(39,47 €/KILO)"
Regaliz rueda rojo Marcelo Caramelo de Dia bolsa 250 g,https://www.dia.es/azucar-chocolates-y-caramelos/caramelos-chicles-y-golosinas/p/161764,https://www.dia.es/product_images/161764/161764_ISO_0_ES.jpg?imwidth=392,"1,39 €",Grasas 3.5g de las cuales saturadas 3.4g Hidratos de Carbono 75g de los cuales azúcares 45g Proteínas 3.5g Sal 0.13g,No disponible,"(5,56 €/KILO)"
Mini regalices sour boom colour mix Fini bolsa 90 g,https://www.dia.es/azucar-chocolates-y-caramelos/caramelos-chicles-y-golosinas/p/301334,https://www.dia.es/product_images/301334/301334_ISO_0_ES.jpg?imwidth=392,"1,19 €",Grasas 1g de las cuales saturadas 0.6g Hidratos de Carbono 86g de los cuales azúcares 86g Proteínas 1.5g Sal 0.3g,No disponible,"(13,22 €/KILO)"
Chicles de hierbabuena sin azúcar Iceberg de Dia bote 70 unidades,https://www.dia.es/azucar-chocolates-y-caramelos/caramelos-chicles-y-golosinas/p/271743,https://www.dia.es/product_images/271743/271743_ISO_0_ES.jpg?imwidth=392,"1,95 €",Grasas 0g de las cuales saturadas 0g Hidratos de Carbono 64g de los cuales azúcares 0g Proteínas 0g Sal 0.18g,No disponible,"(0,03 €/UNIDAD)"
Nubes rellenas Fini bolsa 80 g,https://www.dia.es/azucar-chocolates-y-caramelos/caramelos-chicles-y-golosinas/p/301335,https://www.dia.es/product_images/301335/301335_ISO_0_ES.jpg?imwidth=392,"1,19 €",Grasas 0g de las cuales saturadas 0g Hidratos de Carbono 77g de los cuales azúcares 61g Proteínas 3.6g Sal 0.1g,No disponible,"(14,88 €/KILO)"
Chicles sabor hierbabuena sin azúcar Iceberg de Dia bolsa 44.8 g,https://www.dia.es/azucar-chocolates-y-caramelos/caramelos-chicles-y-golosinas/p/267965,https://www.dia.es/product_images/267965/267965_ISO_0_ES.jpg?imwidth=392,"0,99 €",Grasas 0g de las cuales saturadas 0g Hidratos de Carbono 63g de los cuales azúcares 0g Proteínas 0g Sal 0.08g,No disponible,"(22,10 €/KILO)"
Golosinas surtidas Marcelo Caramelo de Dia bolsa 250 g,https://www.dia.es/azucar-chocolates-y-caramelos/caramelos-chicles-y-golosinas/p/161767,https://www.dia.es/product_images/161767/161767_ISO_0_ES.jpg?imwidth=392,"1,79 €",Grasas 4g de las cuales saturadas 3g Hidratos de Carbono 79g de los cuales azúcares 59g Proteínas 4.7g Sal 0.1g,No disponible,"(7,16 €/KILO)"
Palotes masticables de frutas Palotes bolsa 90 g,https://www.dia.es/azucar-chocolates-y-caramelos/caramelos-chicles-y-golosinas/p/253743,https://www.dia.es/product_images/253743/253743_ISO_0_ES.jpg?imwidth=392,"1,05 €",Grasas 1.6g de las cuales saturadas 1.5g de las cuales monoinsaturadas 0.1g de las cuales poliinsaturadas 0g Hidratos de Carbono 91g de los cuales azúcares 71g Fibra alimentaria 0.12g Proteínas 0g Sal 0.13g Almidón 0g,No disponible,"(11,67 €/KILO)"
Tronquitos sin pica Marcelo Caramelo de Dia bolsa 225 g,https://www.dia.es/azucar-chocolates-y-caramelos/caramelos-chicles-y-golosinas/p/162404,https://www.dia.es/product_images/162404/162404_ISO_0_ES.jpg?imwidth=392,"1,09 €",Grasas 3.8g de las cuales saturadas 3.5g Hidratos de Carbono 78g de los cuales azúcares 62g Proteínas 2.3g Sal 0.13g,No disponible,"(4,84 €/KILO)"
Golosinas fresa Marcelo Caramelo de Dia bolsa 250 g,https://www.dia.es/azucar-chocolates-y-caramelos/caramelos-chicles-y-golosinas/p/161740,https://www.dia.es/product_images/161740/161740_ISO_0_ES.jpg?imwidth=392,"1,69 €",Grasas 0.2g de las cuales saturadas 0.2g Hidratos de Carbono 80g de los cuales azúcares 56g Proteínas 4g Sal 0.14g,No disponible,"(6,76 €/KILO)"
Caramelo de goma relleno sabor cereza Dulciora Pikotas bolsa 100 g,https://www.dia.es/azucar-chocolates-y-caramelos/caramelos-chicles-y-golosinas/p/271236,https://www.dia.es/product_images/271236/271236_ISO_0_ES.jpg?imwidth=392,"1,39 €",Grasas 0g de las cuales saturadas 0g de las cuales monoinsaturadas 0g de las cuales poliinsaturadas 0g Hidratos de Carbono 89g de los cuales azúcares 85.5g Fibra alimentaria 0g Proteínas 2g Sal 0.18g Polialcoholes 0g,No disponible,"(13,90 €/KILO)"
Golosinas ositos de oro Haribo bolsa 150 g,https://www.dia.es/azucar-chocolates-y-caramelos/caramelos-chicles-y-golosinas/p/188690,https://www.dia.es/product_images/188690/188690_ISO_0_ES.jpg?imwidth=392,"1,49 €",Grasas 0.5g de las cuales saturadas 0.1g Hidratos de Carbono 77g de los cuales azúcares 46g Proteínas 6.9g Sal 0.07g,No disponible,"(9,93 €/KILO)"
Golosinas mora Marcelo Caramelo de Dia bolsa 250 g,https://www.dia.es/azucar-chocolates-y-caramelos/caramelos-chicles-y-golosinas/p/161742,https://www.dia.es/product_images/161742/161742_ISO_0_ES.jpg?imwidth=392,"1,38 €",Grasas 23g de las cuales saturadas 3g Hidratos de Carbono 84g de los cuales azúcares 74g Proteínas 4.3g Sal 1g,No disponible,"(5,52 €/KILO)"
Golosinas cintas pica Marcelo Caramelo de Dia tarrina 300 g,https://www.dia.es/azucar-chocolates-y-caramelos/caramelos-chicles-y-golosinas/p/222326,https://www.dia.es/product_images/222326/222326_ISO_0_ES.jpg?imwidth=392,"1,75 €",Grasas 2.2g de las cuales saturadas 1.2g Hidratos de Carbono 82g de los cuales azúcares 61g Proteínas 2.2g Sal 0.06g,No disponible,"(5,83 €/KILO)"
Golosinas gusanos ácidos Trolli bolsa 100 g,https://www.dia.es/azucar-chocolates-y-caramelos/caramelos-chicles-y-golosinas/p/140453,https://www.dia.es/product_images/140453/140453_ISO_0_ES.jpg?imwidth=392,"1,09 €",Grasas 0g de las cuales saturadas 0g Hidratos de Carbono 77g de los cuales azúcares 52g Fibra alimentaria 0.2g Proteínas 4.3g Sal 0.2g,No disponible,"(10,90 €/KILO)"
Caramelos de menta sin azúcar bolsa 100 g,https://www.dia.es/azucar-chocolates-y-caramelos/caramelos-chicles-y-golosinas/p/292861,https://www.dia.es/product_images/292861/292861_ISO_0_ES.jpg?imwidth=392,"1,00 €",Grasas 0g de las cuales saturadas 0g Hidratos de Carbono 99.9g de los cuales azúcares 0g Fibra alimentaria 0g Proteínas 0g Sal 0g,No disponible,"(10,00 €/KILO)"
Golosinas surtidas little mix Fini tarrina 500 g,https://www.dia.es/azucar-chocolates-y-caramelos/caramelos-chicles-y-golosinas/p/87365,https://www.dia.es/product_images/87365/87365_ISO_0_ES.jpg?imwidth=392,"3,79 €",Grasas 0.2g de las cuales saturadas 0g Hidratos de Carbono 80g de los cuales azúcares 61g Proteínas 3.5g Sal 0.2g,No disponible,"(7,58 €/KILO)"
Golosinas sandía Trolli bolsa 100 g,https://www.dia.es/azucar-chocolates-y-caramelos/caramelos-chicles-y-golosinas/p/280180,https://www.dia.es/product_images/280180/280180_ISO_0_ES.jpg?imwidth=392,"1,09 €",Grasas 0g de las cuales saturadas 0g Hidratos de Carbono 79g de los cuales azúcares 65g Fibra alimentaria 0g Proteínas 3.2g Sal 0.2g,No disponible,"(10,90 €/KILO)"
Nubes Marcelo Caramelo de Dia bolsa 200 g,https://www.dia.es/azucar-chocolates-y-caramelos/caramelos-chicles-y-golosinas/p/34769,https://www.dia.es/product_images/34769/34769_ISO_0_ES.jpg?imwidth=392,"1,27 €",Grasas 0g de las cuales saturadas 0g Hidratos de Carbono 81g de los cuales azúcares 73g Proteínas 4.2g Sal 0.03g,No disponible,"(6,35 €/KILO)"
Caramelos masticables sabor a frutas Marcelo Caramelo de Dia bolsa 300 g,https://www.dia.es/azucar-chocolates-y-caramelos/caramelos-chicles-y-golosinas/p/295316,https://www.dia.es/product_images/295316/295316_ISO_0_ES.jpg?imwidth=392,"1,49 €",Grasas 6.1g de las cuales saturadas 2.9g Hidratos de Carbono 85.8g de los cuales azúcares 68.7g Proteínas 1.6g Sal 0g,No disponible,"(4,97 €/KILO)"
Caramelos con palo varios sabores Chupa Chups bolsa 208 g,https://www.dia.es/azucar-chocolates-y-caramelos/caramelos-chicles-y-golosinas/p/78787,https://www.dia.es/product_images/78787/78787_ISO_0_ES.jpg?imwidth=392,"3,20 €",Grasas 0.2g de las cuales saturadas 0.1g Hidratos de Carbono 95g de los cuales azúcares 78g Proteínas 0g Sal 0.14g,No disponible,"(15,38 €/KILO)"
Caramelos clásicos de nata sin azúcar Werther's bolsa 90 g,https://www.dia.es/azucar-chocolates-y-caramelos/caramelos-chicles-y-golosinas/p/66713,https://www.dia.es/product_images/66713/66713_ISO_0_ES.jpg?imwidth=392,"2,39 €",Grasas 8.8g de las cuales saturadas 5.7g Hidratos de Carbono 87g de los cuales azúcares 0.5g Proteínas 0.2g Sal 1.2g,No disponible,"(26,56 €/KILO)"
Chicles sabor menta sin azúcar Orbit bolsa 5 unidades,https://www.dia.es/azucar-chocolates-y-caramelos/caramelos-chicles-y-golosinas/p/65654,https://www.dia.es/product_images/65654/65654_ISO_0_ES.jpg?imwidth=392,"3,69 €",Grasas 0g de las cuales saturadas 0g Hidratos de Carbono 62.4g de los cuales azúcares 0g Proteínas 0g Sal 0g,No disponible,"(0,74 €/UNIDAD)"
Chicles sabor hierbabuena sin azúcar Orbit bolsa 5 unidades,https://www.dia.es/azucar-chocolates-y-caramelos/caramelos-chicles-y-golosinas/p/65608,https://www.dia.es/product_images/65608/65608_ISO_0_ES.jpg?imwidth=392,"3,69 €",Grasas 0g de las cuales saturadas 0g Hidratos de Carbono 63.6g de los cuales azúcares 0g Proteínas 0g Sal 0g,No disponible,"(0,74 €/UNIDAD)"
Chicles sabor eucalipto sin azúcar Orbit bolsa 5 unidades,https://www.dia.es/azucar-chocolates-y-caramelos/caramelos-chicles-y-golosinas/p/65607,https://www.dia.es/product_images/65607/65607_ISO_0_ES.jpg?imwidth=392,"3,69 €",Grasas 0g de las cuales saturadas 0g Hidratos de Carbono 61.7g de los cuales azúcares 0g Proteínas 0g Sal 0g,No disponible,"(0,74 €/UNIDAD)"
Chicles sabor fresa sin azúcar Orbit bolsa 5 unidades,https://www.dia.es/azucar-chocolates-y-caramelos/caramelos-chicles-y-golosinas/p/65606,https://www.dia.es/product_images/65606/65606_ISO_0_ES.jpg?imwidth=392,"3,69 €",Grasas 0g de las cuales saturadas 0g Hidratos de Carbono 69.8g de los cuales azúcares 0g Proteínas 0g Sal 0g,No disponible,"(0,74 €/UNIDAD)"
Caramelos sabor mentol y limón Iceberg de Dia bolsa 300 g,https://www.dia.es/azucar-chocolates-y-caramelos/caramelos-chicles-y-golosinas/p/6314,https://www.dia.es/product_images/6314/6314_ISO_0_ES.jpg?imwidth=392,"2,19 €",Hidratos de Carbono 97g de los cuales azúcares 77g,No disponible,"(7,30 €/KILO)"
Caramelo con palo varios sabores Chupa Chups 1 unidad,https://www.dia.es/azucar-chocolates-y-caramelos/caramelos-chicles-y-golosinas/p/44899,https://www.dia.es/product_images/44899/44899_ISO_0_ES.jpg?imwidth=392,"0,49 €",Grasas 0.1g de las cuales saturadas 0.1g Hidratos de Carbono 96g de los cuales azúcares 78g Proteínas 0g Sal 0.1g,No disponible,"(0,49 €/UNIDAD)"
Caramelos de nata Werther's bolsa 135 g,https://www.dia.es/azucar-chocolates-y-caramelos/caramelos-chicles-y-golosinas/p/42678,https://www.dia.es/product_images/42678/42678_ISO_0_ES.jpg?imwidth=392,"1,99 €",Grasas 8.6g de las cuales saturadas 5.8g Hidratos de Carbono 86.7g de los cuales azúcares 71.5g Proteínas 0.3g Sal 1g,No disponible,"(14,74 €/KILO)"
Caramelos de eucalipto y mentol sin azúcar Pectol bolsa 93 g,https://www.dia.es/azucar-chocolates-y-caramelos/caramelos-chicles-y-golosinas/p/304662,https://www.dia.es/product_images/304662/304662_ISO_0_ES.jpg?imwidth=392,"1,85 €",Grasas 0g de las cuales saturadas 0g Hidratos de Carbono 98g de los cuales azúcares 0g Fibra alimentaria 0g Proteínas 0g Sal 0.13g Polialcoholes 98g Almidón 0g,No disponible,"(19,89 €/KILO)"
Gominolas fruit & paradise mix Damel bolsa 135 g,https://www.dia.es/azucar-chocolates-y-caramelos/caramelos-chicles-y-golosinas/p/303594,https://www.dia.es/product_images/303594/303594_ISO_0_ES.jpg?imwidth=392,"1,25 €",No disponible,No disponible,"(9,26 €/KILO)"
Golosinas sweet mix Damel bolsa 135 g,https://www.dia.es/azucar-chocolates-y-caramelos/caramelos-chicles-y-golosinas/p/303593,https://www.dia.es/product_images/303593/303593_ISO_0_ES.jpg?imwidth=392,"1,25 €",Grasas 0g de las cuales saturadas 0g Hidratos de Carbono 78g de los cuales azúcares 61g Proteínas 4.2g Sal 0.13g,No disponible,"(9,26 €/KILO)"
Golosinas shiny mix Damel bolsa 135 g,https://www.dia.es/azucar-chocolates-y-caramelos/caramelos-chicles-y-golosinas/p/303592,https://www.dia.es/product_images/303592/303592_ISO_0_ES.jpg?imwidth=392,"1,25 €",Grasas 0.2g de las cuales saturadas 0.2g Hidratos de Carbono 75g de los cuales azúcares 56g Proteínas 5.7g Sal 0.13g,No disponible,"(9,26 €/KILO)"
Golosinas explosión con sabor a sandía Trolli bolsa 75 g,https://www.dia.es/azucar-chocolates-y-caramelos/caramelos-chicles-y-golosinas/p/303500,https://www.dia.es/product_images/303500/303500_ISO_0_ES.jpg?imwidth=392,"1,79 €",No disponible,No disponible,"(23,87 €/KILO)"
Golosinas mini pizzas Trolli bolsa 100 g,https://www.dia.es/azucar-chocolates-y-caramelos/caramelos-chicles-y-golosinas/p/303499,https://www.dia.es/product_images/303499/303499_ISO_0_ES.jpg?imwidth=392,"1,05 €",No disponible,No disponible,"(10,50 €/KILO)"
Caramelos masticables sabor fruta crazy sour Skittles bolsa 152 g,https://www.dia.es/azucar-chocolates-y-caramelos/caramelos-chicles-y-golosinas/p/303185,https://www.dia.es/product_images/303185/303185_ISO_0_ES.jpg?imwidth=392,"2,99 €",Grasas 4.2g de las cuales saturadas 2.3g Hidratos de Carbono 89g de los cuales azúcares 74g Proteínas 0g Sal 0.02g,No disponible,"(19,67 €/KILO)"
Caramelos masticables sabor fruta ácida fruits Skittles bolsa 152 g,https://www.dia.es/azucar-chocolates-y-caramelos/caramelos-chicles-y-golosinas/p/303184,https://www.dia.es/product_images/303184/303184_ISO_0_ES.jpg?imwidth=392,"2,99 €",Grasas 4.2g de las cuales saturadas 2.3g Hidratos de Carbono 89g de los cuales azúcares 74g Proteínas 0g Sal 0.02g,No disponible,"(19,67 €/KILO)"
Golosinas mega torcidas sabor cereza Haribo bolsa 160 g,https://www.dia.es/azucar-chocolates-y-caramelos/caramelos-chicles-y-golosinas/p/303089,https://www.dia.es/product_images/303089/303089_ISO_0_ES.jpg?imwidth=392,"1,49 €",Grasas 1.6g de las cuales saturadas 1.1g Hidratos de Carbono 77g de los cuales azúcares 51g Proteínas 3.1g Sal 0.06g,4x3 en selección haribo,No disponible
Golosinas lenguas mix Chupa Chups bolsa 115 g,https://www.dia.es/azucar-chocolates-y-caramelos/caramelos-chicles-y-golosinas/p/303087,https://www.dia.es/product_images/303087/303087_ISO_0_ES.jpg?imwidth=392,"2,35 €",Grasas 2g de las cuales saturadas 1.7g Hidratos de Carbono 81g de los cuales azúcares 63g Proteínas 2.1g Sal 0g,No disponible,"(20,43 €/KILO)"
Chicles sabor mentol fuerte Orbit bote 46 unidades,https://www.dia.es/azucar-chocolates-y-caramelos/caramelos-chicles-y-golosinas/p/302627,https://www.dia.es/product_images/302627/302627_ISO_0_ES.jpg?imwidth=392,"2,99 €",Grasas 0g de las cuales saturadas 0g Hidratos de Carbono 59g de los cuales azúcares 0g Proteínas 0g Sal 0g Polialcoholes 59g,No disponible,"(0,07 €/UNIDAD)"
Chicles sabor bubblemint Orbit bote 46 unidades,https://www.dia.es/azucar-chocolates-y-caramelos/caramelos-chicles-y-golosinas/p/302626,https://www.dia.es/product_images/302626/302626_ISO_0_ES.jpg?imwidth=392,"2,99 €",Grasas 0g de las cuales saturadas 0g Hidratos de Carbono 61.9g de los cuales azúcares 0g Proteínas 0g Sal 0g Polialcoholes 61.9g,No disponible,"(0,07 €/UNIDAD)"
Chicles sabor menta Orbit bote 46 unidades,https://www.dia.es/azucar-chocolates-y-caramelos/caramelos-chicles-y-golosinas/p/302573,https://www.dia.es/product_images/302573/302573_ISO_0_ES.jpg?imwidth=392,"2,99 €",Grasas 0g de las cuales saturadas 0g Hidratos de Carbono 62g de los cuales azúcares 0g Proteínas 0g Sal 0g Polialcoholes 62g,No disponible,"(0,07 €/UNIDAD)"
Chicles sabor eucalipto Orbit bote 46 unidades,https://www.dia.es/azucar-chocolates-y-caramelos/caramelos-chicles-y-golosinas/p/302572,https://www.dia.es/product_images/302572/302572_ISO_0_ES.jpg?imwidth=392,"2,99 €",Grasas 0g de las cuales saturadas 0g Hidratos de Carbono 61g de los cuales azúcares 0g Proteínas 0g Sal 0g Polialcoholes 61g,No disponible,"(0,07 €/UNIDAD)"
Chicles sabor fresa Orbit bote 46 unidades,https://www.dia.es/azucar-chocolates-y-caramelos/caramelos-chicles-y-golosinas/p/302571,https://www.dia.es/product_images/302571/302571_ISO_0_ES.jpg?imwidth=392,"2,99 €",Grasas 0g de las cuales saturadas 0g Hidratos de Carbono 67.7g de los cuales azúcares 0g Proteínas 0g Sal 0g Polialcoholes 67.7g,No disponible,"(0,07 €/UNIDAD)"
Chicles sabor hierbabuena Orbit bote 46 unidades,https://www.dia.es/azucar-chocolates-y-caramelos/caramelos-chicles-y-golosinas/p/302570,https://www.dia.es/product_images/302570/302570_ISO_0_ES.jpg?imwidth=392,"2,99 €",Grasas 0g de las cuales saturadas 0g Hidratos de Carbono 62g de los cuales azúcares 0g Proteínas 0g Sal 0g Polialcoholes 62g,No disponible,"(0,07 €/UNIDAD)"
Golosinas berries Haribo bolsa 150 g,https://www.dia.es/azucar-chocolates-y-caramelos/caramelos-chicles-y-golosinas/p/301723,https://www.dia.es/product_images/301723/301723_ISO_0_ES.jpg?imwidth=392,"1,49 €",Grasas 0.5g de las cuales saturadas 0.1g Hidratos de Carbono 86g de los cuales azúcares 70g Proteínas 1.1g Sal 0.01g,No disponible,"(9,93 €/KILO)"
Regaliz negro gourmet Fini bolsa 180 g,https://www.dia.es/azucar-chocolates-y-caramelos/caramelos-chicles-y-golosinas/p/301640,https://www.dia.es/product_images/301640/301640_ISO_0_ES.jpg?imwidth=392,"2,29 €",Grasas 0g de las cuales saturadas 0g Hidratos de Carbono 79g de los cuales azúcares 52g Proteínas 0.5g Sal 0.1g,No disponible,"(12,72 €/KILO)"
Caramelos sabor fresa con vitamina C Smint caja 49 g,https://www.dia.es/azucar-chocolates-y-caramelos/caramelos-chicles-y-golosinas/p/300767,https://www.dia.es/product_images/300767/300767_ISO_0_ES.jpg?imwidth=392,"2,79 €",Grasas 1.1g de las cuales saturadas 1.1g Hidratos de Carbono 92g de los cuales azúcares 0g Proteínas 0g Sal 0g Polialcoholes 91g,No disponible,"(56,94 €/KILO)"
Caramelos masticables dipper ball Vidal bolsa 70 g,https://www.dia.es/azucar-chocolates-y-caramelos/caramelos-chicles-y-golosinas/p/296777,https://www.dia.es/product_images/296777/296777_ISO_0_ES.jpg?imwidth=392,"1,00 €",Grasas 6.1g de las cuales saturadas 3.5g Hidratos de Carbono 85g de los cuales azúcares 63g Proteínas 0g Sal 0.05g,No disponible,"(14,29 €/KILO)"
Golosinas red noodles Damel bolsa 200 g,https://www.dia.es/azucar-chocolates-y-caramelos/caramelos-chicles-y-golosinas/p/296307,https://www.dia.es/product_images/296307/296307_ISO_0_ES.jpg?imwidth=392,"1,29 €",Grasas 1.6g de las cuales saturadas 1.2g Hidratos de Carbono 81g de los cuales azúcares 56g Proteínas 2g Sal 0.13g,No disponible,"(6,45 €/KILO)"
Chicles de melón Migueláñez bolsa 125 g,https://www.dia.es/azucar-chocolates-y-caramelos/caramelos-chicles-y-golosinas/p/295267,https://www.dia.es/product_images/295267/295267_ISO_0_ES.jpg?imwidth=392,"1,95 €",Grasas 0.5g de las cuales saturadas 0.3g Hidratos de Carbono 83g de los cuales azúcares 74g Proteínas 0g Sal 0.04g,No disponible,"(15,60 €/KILO)"
Golosinas tropical mix Vidal bolsa 180 g,https://www.dia.es/azucar-chocolates-y-caramelos/caramelos-chicles-y-golosinas/p/295031,https://www.dia.es/product_images/295031/295031_ISO_0_ES.jpg?imwidth=392,"2,25 €",Grasas 1.6g de las cuales saturadas 1.2g Hidratos de Carbono 84g de los cuales azúcares 65g Proteínas 1.4g Sal 0.08g,No disponible,"(12,50 €/KILO)"
Golosinas favoritos fusión Haribo bolsa 150 g,https://www.dia.es/azucar-chocolates-y-caramelos/caramelos-chicles-y-golosinas/p/293709,https://www.dia.es/product_images/293709/293709_ISO_0_ES.jpg?imwidth=392,"1,49 €",Grasas 1.3g de las cuales saturadas 0.8g Hidratos de Carbono 78g de los cuales azúcares 52g Proteínas 4.6g Sal 0.06g,4x3 en selección haribo,No disponible
Golosinas funiverse mix Trolli bolsa 100 g,https://www.dia.es/azucar-chocolates-y-caramelos/caramelos-chicles-y-golosinas/p/293150,https://www.dia.es/product_images/293150/293150_ISO_0_ES.jpg?imwidth=392,"1,09 €",Grasas 0g de las cuales saturadas 0g Hidratos de Carbono 51g de los cuales azúcares 51g Proteínas 3.7g Sal 0.2g,No disponible,"(10,90 €/KILO)"
Caramelos de jengibre sin azúcar bolsa 100 g,https://www.dia.es/azucar-chocolates-y-caramelos/caramelos-chicles-y-golosinas/p/292862,https://www.dia.es/product_images/292862/292862_ISO_0_ES.jpg?imwidth=392,"1,25 €",Grasas 0g de las cuales saturadas 0g Hidratos de Carbono 99.9g de los cuales azúcares 0g Fibra alimentaria 0g Proteínas 0g Sal 0g,No disponible,"(12,50 €/KILO)"
Caramelos rellenos de miel Villa bolsa 100 g,https://www.dia.es/azucar-chocolates-y-caramelos/caramelos-chicles-y-golosinas/p/291770,https://www.dia.es/product_images/291770/291770_ISO_0_ES.jpg?imwidth=392,"0,75 €",Grasas 0g de las cuales saturadas 0g Hidratos de Carbono 97g de los cuales azúcares 77g Proteínas 0g Sal 0g,No disponible,"(7,50 €/KILO)"
Regaliz negro mega torcidas Haribo bolsa 160 g,https://www.dia.es/azucar-chocolates-y-caramelos/caramelos-chicles-y-golosinas/p/291561,https://www.dia.es/product_images/291561/291561_ISO_0_ES.jpg?imwidth=392,"1,99 €",Grasas 1.9g de las cuales saturadas 1.1g Hidratos de Carbono 78g de los cuales azúcares 46g Proteínas 2.7g Sal 0.86g,4x3 en selección haribo,No disponible
Golosinas mini mix Vidal bolsa 75 g,https://www.dia.es/azucar-chocolates-y-caramelos/caramelos-chicles-y-golosinas/p/291304,https://www.dia.es/product_images/291304/291304_ISO_0_ES.jpg?imwidth=392,"1,09 €",Grasas 0g de las cuales saturadas 0g Hidratos de Carbono 80g de los cuales azúcares 59g Proteínas 3.6g Sal 0.11g,No disponible,"(14,53 €/KILO)"
Golosinas fresas rellenas Vidal bolsa 180 g,https://www.dia.es/azucar-chocolates-y-caramelos/caramelos-chicles-y-golosinas/p/291303,https://www.dia.es/product_images/291303/291303_ISO_0_ES.jpg?imwidth=392,"2,25 €",Grasas 0.2g de las cuales saturadas 0.2g Hidratos de Carbono 76g de los cuales azúcares 57g Proteínas 4g Sal 0.37g,No disponible,"(12,50 €/KILO)"
Regaliz sabor nata fresa Fini caja 290 g,https://www.dia.es/azucar-chocolates-y-caramelos/caramelos-chicles-y-golosinas/p/289704,https://www.dia.es/product_images/289704/289704_ISO_0_ES.jpg?imwidth=392,"2,99 €",Grasas 2.5g de las cuales saturadas 1.5g Hidratos de Carbono 83g de los cuales azúcares 71g Proteínas 1.3g Sal 0.3g,No disponible,"(10,31 €/KILO)"
Caramelo con palo play xxl Chupa Chups 1 unidad,https://www.dia.es/azucar-chocolates-y-caramelos/caramelos-chicles-y-golosinas/p/286718,https://www.dia.es/product_images/286718/286718_ISO_0_ES.jpg?imwidth=392,"0,75 €",Grasas 0g de las cuales saturadas 0g Hidratos de Carbono 87g de los cuales azúcares 69g Proteínas 0g Sal 0.09g,No disponible,"(0,75 €/UNIDAD)"
Caramelos de fresa sin azúcar Smint caja 105 g,https://www.dia.es/azucar-chocolates-y-caramelos/caramelos-chicles-y-golosinas/p/286717,https://www.dia.es/product_images/286717/286717_ISO_0_ES.jpg?imwidth=392,"4,90 €",Grasas 1.4g de las cuales saturadas 1.4g Hidratos de Carbono 94g de los cuales azúcares 0g Proteínas 0g Sal 0.04g Polialcoholes 93g,No disponible,"(46,67 €/KILO)"
Golosinas lenguas sour Chupa Chups bolsa 145 g,https://www.dia.es/azucar-chocolates-y-caramelos/caramelos-chicles-y-golosinas/p/284716,https://www.dia.es/product_images/284716/284716_ISO_0_ES.jpg?imwidth=392,"2,35 €",Grasas 2.1g de las cuales saturadas 1.8g Hidratos de Carbono 81g de los cuales azúcares 61g Proteínas 2.3g Sal 0g,No disponible,"(16,21 €/KILO)"
Caramelo comprimido Pez blister 26 g,https://www.dia.es/azucar-chocolates-y-caramelos/caramelos-chicles-y-golosinas/p/28443,https://www.dia.es/product_images/28443/28443_ISO_0_ES.jpg?imwidth=392,"1,99 €",Grasas 1.6g de las cuales saturadas 1.6g Hidratos de Carbono 95g de los cuales azúcares 95g Proteínas 0g Sal 0.83g,No disponible,"(76,54 €/KILO)"
Regaliz rojo surtido sensation red mix Fini bolsa 165 g,https://www.dia.es/azucar-chocolates-y-caramelos/caramelos-chicles-y-golosinas/p/282576,https://www.dia.es/product_images/282576/282576_ISO_0_ES.jpg?imwidth=392,"2,19 €",Grasas 1.3g de las cuales saturadas 0.7g Hidratos de Carbono 83g de los cuales azúcares 61g Proteínas 2g Sal 0.3g,No disponible,"(13,27 €/KILO)"
Golosinas besos de fresa Trolli bolsa 100 g,https://www.dia.es/azucar-chocolates-y-caramelos/caramelos-chicles-y-golosinas/p/280275,https://www.dia.es/product_images/280275/280275_ISO_0_ES.jpg?imwidth=392,"1,09 €",Grasas 0g de las cuales saturadas 0g Hidratos de Carbono 79g de los cuales azúcares 61g Fibra alimentaria 0.2g Proteínas 4.2g Sal 0.2g,No disponible,"(10,90 €/KILO)"
Golosinas pulpos pica pica Trolli bolsa 100 g,https://www.dia.es/azucar-chocolates-y-caramelos/caramelos-chicles-y-golosinas/p/280179,https://www.dia.es/product_images/280179/280179_ISO_0_ES.jpg?imwidth=392,"1,09 €",Grasas 0g de las cuales saturadas 0g Hidratos de Carbono 78g de los cuales azúcares 54g Fibra alimentaria 0g Proteínas 4.8g Sal 0.2g,No disponible,"(10,90 €/KILO)"
Chicles sabor menta 60 minutos Trident bolsa 39.6 g,https://www.dia.es/azucar-chocolates-y-caramelos/caramelos-chicles-y-golosinas/p/278214,https://www.dia.es/product_images/278214/278214_ISO_0_ES.jpg?imwidth=392,"1,69 €",Grasas 0.3g de las cuales saturadas 0.1g Hidratos de Carbono 68g de los cuales azúcares 0.1g Proteínas 1.2g Sal 0.03g Polialcoholes 68g,No disponible,"(42,68 €/KILO)"
Chicles sabor hierbabuena 60 minutos Trident bolsa 39.6 g,https://www.dia.es/azucar-chocolates-y-caramelos/caramelos-chicles-y-golosinas/p/278213,https://www.dia.es/product_images/278213/278213_ISO_0_ES.jpg?imwidth=392,"1,69 €",Grasas 0.3g de las cuales saturadas 0.1g Hidratos de Carbono 68g de los cuales azúcares 0.1g Proteínas 1.2g Sal 0.03g Polialcoholes 68g,No disponible,"(42,68 €/KILO)"
Gominolas surtidas adorno de navidad Nickelodeon caja 20 g (modelos diferentes),https://www.dia.es/azucar-chocolates-y-caramelos/caramelos-chicles-y-golosinas/p/277523,https://www.dia.es/product_images/277523/277523_ISO_0_ES.jpg?imwidth=392,"1,99 €",No disponible,No disponible,"(99,50 €/KILO)"
Golosinas dinorex Trolli bolsa 100 g,https://www.dia.es/azucar-chocolates-y-caramelos/caramelos-chicles-y-golosinas/p/275889,https://www.dia.es/product_images/275889/275889_ISO_0_ES.jpg?imwidth=392,"1,09 €",No disponible,No disponible,"(10,90 €/KILO)"
Caramelos de peppermint sin azúcar Smint caja 105 g,https://www.dia.es/azucar-chocolates-y-caramelos/caramelos-chicles-y-golosinas/p/274450,https://www.dia.es/product_images/274450/274450_ISO_0_ES.jpg?imwidth=392,"4,90 €",Grasas 0.4g de las cuales saturadas 0.3g Hidratos de Carbono 97g de los cuales azúcares 0g Proteínas 0g Sal 0.02g Polialcoholes 97g,No disponible,"(46,67 €/KILO)"
Chicles sabor menta sin azúcar Trident bolsa 44 g,https://www.dia.es/azucar-chocolates-y-caramelos/caramelos-chicles-y-golosinas/p/274383,https://www.dia.es/product_images/274383/274383_ISO_0_ES.jpg?imwidth=392,"1,39 €",Grasas 0.2g de las cuales saturadas 0.1g Hidratos de Carbono 61g de los cuales azúcares 0.1g Proteínas 0.4g Sal 0.04g Polialcoholes 61g,No disponible,"(31,59 €/KILO)"
Caramelos con palo flavour playlist xxl Chupa Chups bolsa 145 g,https://www.dia.es/azucar-chocolates-y-caramelos/caramelos-chicles-y-golosinas/p/274324,https://www.dia.es/product_images/274324/274324_ISO_0_ES.jpg?imwidth=392,"3,65 €",Grasas 0g de las cuales saturadas 0g Hidratos de Carbono 86g de los cuales azúcares 69g Proteínas 0g Sal 0.09g,No disponible,"(25,17 €/KILO)"
Golosinas torcidas rellenas de pica pica Fini bolsa 165 g,https://www.dia.es/azucar-chocolates-y-caramelos/caramelos-chicles-y-golosinas/p/272844,https://www.dia.es/product_images/272844/272844_ISO_0_ES.jpg?imwidth=392,"2,09 €",Grasas 0.8g de las cuales saturadas 0.5g Hidratos de Carbono 81g de los cuales azúcares 51g Proteínas 1.6g Sal 0.3g,No disponible,"(12,67 €/KILO)"
Golosinas sour boom mix Fini bolsa 165 g,https://www.dia.es/azucar-chocolates-y-caramelos/caramelos-chicles-y-golosinas/p/272843,https://www.dia.es/product_images/272843/272843_ISO_0_ES.jpg?imwidth=392,"2,15 €",Grasas 0g de las cuales saturadas 0g Hidratos de Carbono 76g de los cuales azúcares 52g Proteínas 4.6g Sal 0.1g,No disponible,"(13,03 €/KILO)"
Chicles de fresa sin azúcar Iceberg de Dia bote 70 unidades,https://www.dia.es/azucar-chocolates-y-caramelos/caramelos-chicles-y-golosinas/p/271744,https://www.dia.es/product_images/271744/271744_ISO_0_ES.jpg?imwidth=392,"1,95 €",Grasas 0g de las cuales saturadas 0g Hidratos de Carbono 65g de los cuales azúcares 0g Proteínas 0g Sal 0g,No disponible,"(0,03 €/UNIDAD)"
Surtido de golosinas en mini bolsitas Marcelo Caramelo de Dia bolsa 280 g,https://www.dia.es/azucar-chocolates-y-caramelos/caramelos-chicles-y-golosinas/p/271647,https://www.dia.es/product_images/271647/271647_ISO_0_ES.jpg?imwidth=392,"2,35 €",Grasas 4g de las cuales saturadas 2.2g Hidratos de Carbono 85g de los cuales azúcares 67g Proteínas 1.4g Sal 0.2g,No disponible,"(8,39 €/KILO)"
Caramelos de limón y miel Mentolin bolsa 100 g,https://www.dia.es/azucar-chocolates-y-caramelos/caramelos-chicles-y-golosinas/p/271237,https://www.dia.es/product_images/271237/271237_ISO_0_ES.jpg?imwidth=392,"1,29 €",Grasas 0g de las cuales saturadas 0g de las cuales monoinsaturadas 0g de las cuales poliinsaturadas 0g Hidratos de Carbono 93.1g de los cuales azúcares 93.1g Fibra alimentaria 0g Proteínas 0.1g Sal 0.01g Polialcoholes 0g,No disponible,"(12,90 €/KILO)"
Caramelos surtidos sabor frutas Pictolin bolsa 480 g,https://www.dia.es/azucar-chocolates-y-caramelos/caramelos-chicles-y-golosinas/p/270411,https://www.dia.es/product_images/270411/270411_ISO_0_ES.jpg?imwidth=392,"2,99 €",No disponible,No disponible,"(6,23 €/KILO)"
Chicles sabor sandí­a sin azúcar Iceberg de Dia bolsa 44.8 g,https://www.dia.es/azucar-chocolates-y-caramelos/caramelos-chicles-y-golosinas/p/267968,https://www.dia.es/product_images/267968/267968_ISO_0_ES.jpg?imwidth=392,"0,99 €",Grasas 0g de las cuales saturadas 0g Hidratos de Carbono 67g de los cuales azúcares 0g Proteínas 0g Sal 0g,No disponible,"(22,10 €/KILO)"
Chicles sabor menta fuerte sin azúcar Iceberg de Dia bolsa 44.8 g,https://www.dia.es/azucar-chocolates-y-caramelos/caramelos-chicles-y-golosinas/p/267967,https://www.dia.es/product_images/267967/267967_ISO_0_ES.jpg?imwidth=392,"0,99 €",Grasas 0g de las cuales saturadas 0g Hidratos de Carbono 63g de los cuales azúcares 0g Proteínas 0g Sal 0.2g,No disponible,"(22,10 €/KILO)"
Chicles sabor fresa sin azúcar Iceberg de Dia bolsa 44.8 g,https://www.dia.es/azucar-chocolates-y-caramelos/caramelos-chicles-y-golosinas/p/267966,https://www.dia.es/product_images/267966/267966_ISO_0_ES.jpg?imwidth=392,"0,99 €",Grasas 0g de las cuales saturadas 0g Hidratos de Carbono 66g de los cuales azúcares 0g Proteínas 0g Sal 0g,No disponible,"(22,10 €/KILO)"
Golosinas pop eye Trolli bolsa 75 g,https://www.dia.es/azucar-chocolates-y-caramelos/caramelos-chicles-y-golosinas/p/267537,https://www.dia.es/product_images/267537/267537_ISO_0_ES.jpg?imwidth=392,"1,65 €",Grasas 0.2g de las cuales saturadas 0.2g Hidratos de Carbono 72g de los cuales azúcares 52g Fibra alimentaria 0.2g Proteínas 3.8g Sal 0.2g,No disponible,"(22,00 €/KILO)"
Chicle sabor fresa maxiroll Boomer caja 56 g,https://www.dia.es/azucar-chocolates-y-caramelos/caramelos-chicles-y-golosinas/p/25965,https://www.dia.es/product_images/25965/25965_ISO_0_ES.jpg?imwidth=392,"2,79 €",Grasas 0g de las cuales saturadas 0g Hidratos de Carbono 0g de los cuales azúcares 0g Proteínas 0g Sal 0g,No disponible,"(49,82 €/KILO)"
Roll frutas pack caramelos masticables sabor frutas paquete Mentos bolsa 2 x 38 g,https://www.dia.es/azucar-chocolates-y-caramelos/caramelos-chicles-y-golosinas/p/257843,https://www.dia.es/product_images/257843/257843_ISO_0_ES.jpg?imwidth=392,"1,99 €",Grasas 1.9g de las cuales saturadas 1.9g Hidratos de Carbono 92g de los cuales azúcares 69g Proteínas 0g Sal 0.1g,No disponible,"(26,18 €/KILO)"
Chicles sabor fresa Bubbaloo bolsa 38 g,https://www.dia.es/azucar-chocolates-y-caramelos/caramelos-chicles-y-golosinas/p/255835,https://www.dia.es/product_images/255835/255835_ISO_0_ES.jpg?imwidth=392,"1,19 €",Grasas 1.2g de las cuales saturadas 0.9g Hidratos de Carbono 73g de los cuales azúcares 61g Proteínas 0.1g Sal 0.1g,No disponible,"(31,32 €/KILO)"
Golosinas jelly Dulciora Gummys bolsa 100 g,https://www.dia.es/azucar-chocolates-y-caramelos/caramelos-chicles-y-golosinas/p/25102,https://www.dia.es/product_images/25102/25102_ISO_0_ES.jpg?imwidth=392,"1,69 €",Grasas 0g de las cuales saturadas 0g de las cuales monoinsaturadas 0g de las cuales poliinsaturadas 0g Hidratos de Carbono 76.5g de los cuales azúcares 73.5g Fibra alimentaria 0g Proteínas 3.6g Sal 0.13g Polialcoholes 0g,No disponible,"(16,90 €/KILO)"
Cono chuches celebración sin gluten Midel bolsa 1 unidad,https://www.dia.es/azucar-chocolates-y-caramelos/caramelos-chicles-y-golosinas/p/249986,https://www.dia.es/product_images/249986/249986_ISO_0_ES.jpg?imwidth=392,"1,25 €",Grasas 24g de las cuales saturadas 2.7g Hidratos de Carbono 66g de los cuales azúcares 1.3g Proteínas 5.5g Sal 1.8g,No disponible,"(1,25 €/UNIDAD)"
Caramelos de limón y melisa Mentolin caja 20 g,https://www.dia.es/azucar-chocolates-y-caramelos/caramelos-chicles-y-golosinas/p/246007,https://www.dia.es/product_images/246007/246007_ISO_0_ES.jpg?imwidth=392,"1,05 €",Grasas 0g de las cuales saturadas 0g de las cuales monoinsaturadas 0g de las cuales poliinsaturadas 0g Hidratos de Carbono 96g de los cuales azúcares 0g Fibra alimentaria 0g Proteínas 0g Sal 0g Polialcoholes 96g,No disponible,"(52,50 €/KILO)"
Caramelos sabor café expresso Solano bolsa 99 g,https://www.dia.es/azucar-chocolates-y-caramelos/caramelos-chicles-y-golosinas/p/243907,https://www.dia.es/product_images/243907/243907_ISO_0_ES.jpg?imwidth=392,"3,49 €",Grasas 6.7g de las cuales saturadas 4.4g Hidratos de Carbono 87g de los cuales azúcares 0.3g Proteínas 0.8g Sal 0g Polialcoholes 92g,No disponible,"(35,25 €/KILO)"
Caramelos masticables fruit mix Mentos bolsa 160 g,https://www.dia.es/azucar-chocolates-y-caramelos/caramelos-chicles-y-golosinas/p/243268,https://www.dia.es/product_images/243268/243268_ISO_0_ES.jpg?imwidth=392,"2,50 €",Grasas 1.9g de las cuales saturadas 1.7g Hidratos de Carbono 92g de los cuales azúcares 69g Proteínas 0g Sal 0.1g,No disponible,"(15,63 €/KILO)"
Caramelo de goma uvas de la suerte Migueláñez blister 25 g,https://www.dia.es/azucar-chocolates-y-caramelos/dulces-de-navidad/p/240909,https://www.dia.es/product_images/240909/240909_ISO_0_ES.jpg?imwidth=392,"1,50 €",Grasas 0.05g de las cuales saturadas 0.05g Hidratos de Carbono 18.75g de los cuales azúcares 14.75g Proteínas 1.23g Sal 0.02g,No disponible,"(60,00 €/KILO)"
Chicles sabor sandía sin azúcar Trident caja 23 g,https://www.dia.es/azucar-chocolates-y-caramelos/caramelos-chicles-y-golosinas/p/240682,https://www.dia.es/product_images/240682/240682_ISO_0_ES.jpg?imwidth=392,"1,39 €",Grasas 1.5g de las cuales saturadas 1.2g Hidratos de Carbono 63g de los cuales azúcares 0.1g Proteínas 0.4g Sal 0.01g Polialcoholes 63g,No disponible,"(60,43 €/KILO)"
Chicles sabor hierbabuena sin azúcar Trident caja 23 g,https://www.dia.es/azucar-chocolates-y-caramelos/caramelos-chicles-y-golosinas/p/240680,https://www.dia.es/product_images/240680/240680_ISO_0_ES.jpg?imwidth=392,"1,19 €",Grasas 0.5g de las cuales saturadas 0.3g Hidratos de Carbono 59g de los cuales azúcares 0.1g Fibra alimentaria 0.7g Proteínas 0.5g Sal 0.02g Polialcoholes 59g,No disponible,"(51,74 €/KILO)"
Caramelos tradicionales Solano bolsa 99 g,https://www.dia.es/azucar-chocolates-y-caramelos/caramelos-chicles-y-golosinas/p/238516,https://www.dia.es/product_images/238516/238516_ISO_0_ES.jpg?imwidth=392,"3,49 €",Grasas 12g de las cuales saturadas 9.1g Hidratos de Carbono 85.6g de los cuales azúcares 0.3g Proteínas 0.2g Sal 0.76g,No disponible,"(35,25 €/KILO)"
Polos para congelar sin azúcar Kelia bolsa 540 ml,https://www.dia.es/azucar-chocolates-y-caramelos/caramelos-chicles-y-golosinas/p/236192,https://www.dia.es/product_images/236192/236192_ISO_0_ES.jpg?imwidth=392,"0,99 €",Grasas 0g de las cuales saturadas 0g de las cuales monoinsaturadas 0g de las cuales poliinsaturadas 0g Hidratos de Carbono 0g de los cuales azúcares 0g Fibra alimentaria 4g Proteínas 0g Sal 0g,No disponible,"(1,83 €/LITRO)"
Golosinas favoritos classic Haribo bolsa 150 g,https://www.dia.es/azucar-chocolates-y-caramelos/caramelos-chicles-y-golosinas/p/234196,https://www.dia.es/product_images/234196/234196_ISO_0_ES.jpg?imwidth=392,"1,49 €",Grasas 0.5g de las cuales saturadas 0.1g Hidratos de Carbono 80g de los cuales azúcares 51g Proteínas 4.5g Sal 0.01g,4x3 en selección haribo,No disponible
Golosinas gatos sabor regaliz Trolli bolsa 100 g,https://www.dia.es/azucar-chocolates-y-caramelos/caramelos-chicles-y-golosinas/p/231490,https://www.dia.es/product_images/231490/231490_ISO_0_ES.jpg?imwidth=392,"1,05 €",Grasas 0g de las cuales saturadas 0g Hidratos de Carbono 80g de los cuales azúcares 54g Proteínas 4.3g Sal 0.6g,No disponible,"(10,50 €/KILO)"
Regaliz de goma torcidas rellenas Fini bolsa 125 g,https://www.dia.es/azucar-chocolates-y-caramelos/caramelos-chicles-y-golosinas/p/230582,https://www.dia.es/product_images/230582/230582_ISO_0_ES.jpg?imwidth=392,"1,09 €",Grasas 0.8g de las cuales saturadas 0.5g Hidratos de Carbono 81g de los cuales azúcares 51g Proteínas 1.6g Sal 0.3g,No disponible,"(8,72 €/KILO)"
Golosinas mini burger Trolli bolsa 50 g,https://www.dia.es/azucar-chocolates-y-caramelos/caramelos-chicles-y-golosinas/p/227495,https://www.dia.es/product_images/227495/227495_ISO_0_ES.jpg?imwidth=392,"1,19 €",Grasas 0.2g de las cuales saturadas 0.2g Hidratos de Carbono 77g de los cuales azúcares 48g Proteínas 5.5g Sal 0.2g,No disponible,"(23,80 €/KILO)"
Golosinas smile kit Fini bolsa 90 g,https://www.dia.es/azucar-chocolates-y-caramelos/caramelos-chicles-y-golosinas/p/225077,https://www.dia.es/product_images/225077/225077_ISO_0_ES.jpg?imwidth=392,"1,00 €",Grasas 0g de las cuales saturadas 0g Hidratos de Carbono 79g de los cuales azúcares 71g Proteínas 4g Sal 0.1g,No disponible,"(11,11 €/KILO)"
Golosinas de fresas con nata Fini bolsa 75 g,https://www.dia.es/azucar-chocolates-y-caramelos/caramelos-chicles-y-golosinas/p/224975,https://www.dia.es/product_images/224975/224975_ISO_0_ES.jpg?imwidth=392,"1,05 €",Grasas 0g de las cuales saturadas 0g Hidratos de Carbono 84g de los cuales azúcares 83g Proteínas 3g Sal 0.1g,No disponible,"(14,00 €/KILO)"
Caramelos de frutos rojos sin azúcar Smint lata 35 g,https://www.dia.es/azucar-chocolates-y-caramelos/caramelos-chicles-y-golosinas/p/222438,https://www.dia.es/product_images/222438/222438_ISO_0_ES.jpg?imwidth=392,"2,35 €",Grasas 0.7g de las cuales saturadas 0.7g Hidratos de Carbono 96g de los cuales azúcares 0g Proteínas 0g Sal 0.25g Polialcoholes 96g,No disponible,"(67,14 €/KILO)"
Golosinas pica mix Marcelo Caramelo de Dia bolsa 200 g,https://www.dia.es/azucar-chocolates-y-caramelos/caramelos-chicles-y-golosinas/p/222325,https://www.dia.es/product_images/222325/222325_ISO_0_ES.jpg?imwidth=392,"1,69 €",Grasas 4g de las cuales saturadas 2.2g Hidratos de Carbono 85g de los cuales azúcares 66g Proteínas 1.5g Sal 0.22g,No disponible,"(8,45 €/KILO)"
Caramelos clásicos de toffee con chocolate Werther's bolsa 120 g,https://www.dia.es/azucar-chocolates-y-caramelos/caramelos-chicles-y-golosinas/p/212331,https://www.dia.es/product_images/212331/212331_ISO_0_ES.jpg?imwidth=392,"2,15 €",Grasas 20.7g de las cuales saturadas 13.1g Hidratos de Carbono 65.6g de los cuales azúcares 46.3g Proteínas 4.2g Sal 0.34g,No disponible,"(17,92 €/KILO)"
Golosinas mega-roulette Haribo bolsa 45 g,https://www.dia.es/azucar-chocolates-y-caramelos/caramelos-chicles-y-golosinas/p/210824,https://www.dia.es/product_images/210824/210824_ISO_0_ES.jpg?imwidth=392,"1,09 €",Grasas 0.5g de las cuales saturadas 0.1g Hidratos de Carbono 77g de los cuales azúcares 46g Proteínas 6.9g Sal 0.07g,No disponible,"(24,22 €/KILO)"
Golosinas beans Fini bolsa 165 g,https://www.dia.es/azucar-chocolates-y-caramelos/caramelos-chicles-y-golosinas/p/204478,https://www.dia.es/product_images/204478/204478_ISO_0_ES.jpg?imwidth=392,"1,89 €",Grasas 0g de las cuales saturadas 0g Hidratos de Carbono 88g de los cuales azúcares 69g Proteínas 0g Sal 0.1g,No disponible,"(11,45 €/KILO)"
Chicles sabor hierbabuena 60 minutos Trident bote 68.2 g,https://www.dia.es/azucar-chocolates-y-caramelos/caramelos-chicles-y-golosinas/p/198286,https://www.dia.es/product_images/198286/198286_ISO_0_ES.jpg?imwidth=392,"3,29 €",Grasas 0.3g de las cuales saturadas 0.1g Hidratos de Carbono 68g de los cuales azúcares 0.1g Proteínas 1.2g Sal 0.03g Polialcoholes 68g,No disponible,"(48,24 €/KILO)"
Golosinas de regaliz black edition Haribo bolsa 150 g,https://www.dia.es/azucar-chocolates-y-caramelos/caramelos-chicles-y-golosinas/p/198262,https://www.dia.es/product_images/198262/198262_ISO_0_ES.jpg?imwidth=392,"1,49 €",Grasas 2.7g de las cuales saturadas 1.6g Hidratos de Carbono 76g de los cuales azúcares 49g Proteínas 3g Sal 0.99g,4x3 en selección haribo,No disponible
Golosinas favoritos pica Haribo bolsa 150 g,https://www.dia.es/azucar-chocolates-y-caramelos/caramelos-chicles-y-golosinas/p/196077,https://www.dia.es/product_images/196077/196077_ISO_0_ES.jpg?imwidth=392,"1,49 €",Grasas 0.5g de las cuales saturadas 0.1g Hidratos de Carbono 81g de los cuales azúcares 55g Proteínas 5g Sal 0.37g,4x3 en selección haribo,No disponible
Caramelos masticables sabor fruta Skittles bolsa 174 g,https://www.dia.es/azucar-chocolates-y-caramelos/caramelos-chicles-y-golosinas/p/194763,https://www.dia.es/product_images/194763/194763_ISO_0_ES.jpg?imwidth=392,"3,35 €",Grasas 4g de las cuales saturadas 2.3g Hidratos de Carbono 88g de los cuales azúcares 73g Proteínas 0g Sal 0.2g,No disponible,"(19,25 €/KILO)"
Golosinas jelly cola Fini bolsa 100 g,https://www.dia.es/azucar-chocolates-y-caramelos/caramelos-chicles-y-golosinas/p/194711,https://www.dia.es/product_images/194711/194711_ISO_0_ES.jpg?imwidth=392,"1,15 €",No disponible,No disponible,"(11,50 €/KILO)"
Golosinas selection mix Fini bolsa 150 g,https://www.dia.es/azucar-chocolates-y-caramelos/caramelos-chicles-y-golosinas/p/189203,https://www.dia.es/product_images/189203/189203_ISO_0_ES.jpg?imwidth=392,"1,89 €",Grasas 0g de las cuales saturadas 0g Hidratos de Carbono 80g de los cuales azúcares 61g Proteínas 6g Sal 0.1g,No disponible,"(12,60 €/KILO)"
Golosinas funky mix Haribo bolsa 150 g,https://www.dia.es/azucar-chocolates-y-caramelos/caramelos-chicles-y-golosinas/p/188689,https://www.dia.es/product_images/188689/188689_ISO_0_ES.jpg?imwidth=392,"1,49 €",Grasas 2g de las cuales saturadas 1.3g Hidratos de Carbono 80g de los cuales azúcares 52g Proteínas 4.1g Sal 0.08g,4x3 en selección haribo,No disponible
Golosinas favoritos red&white Haribo bolsa 150 g,https://www.dia.es/azucar-chocolates-y-caramelos/caramelos-chicles-y-golosinas/p/188688,https://www.dia.es/product_images/188688/188688_ISO_0_ES.jpg?imwidth=392,"1,49 €",Grasas 3.5g de las cuales saturadas 2.2g Hidratos de Carbono 79g de los cuales azúcares 54g Proteínas 2.9g Sal 0.05g,4x3 en selección haribo,No disponible
Caramelos de limón y mentol Respiral bolsa 150 g,https://www.dia.es/azucar-chocolates-y-caramelos/caramelos-chicles-y-golosinas/p/188068,https://www.dia.es/product_images/188068/188068_ISO_0_ES.jpg?imwidth=392,"1,95 €",Grasas 0.1g de las cuales saturadas 0.1g Hidratos de Carbono 97g de los cuales azúcares 79g Proteínas 0.1g Sal 0.01g,No disponible,"(13,00 €/KILO)"
Bolsa de golosinas happy party Fini bolsa 250 g,https://www.dia.es/azucar-chocolates-y-caramelos/caramelos-chicles-y-golosinas/p/183104,https://www.dia.es/product_images/183104/183104_ISO_0_ES.jpg?imwidth=392,"2,69 €",No disponible,No disponible,"(10,76 €/KILO)"
Mini caramelos con palo varios sabores Chupa Chups bolsa 120 g,https://www.dia.es/azucar-chocolates-y-caramelos/caramelos-chicles-y-golosinas/p/181837,https://www.dia.es/product_images/181837/181837_ISO_0_ES.jpg?imwidth=392,"2,55 €",Grasas 0g de las cuales saturadas 0g Hidratos de Carbono 96g de los cuales azúcares 83g Proteínas 0g Sal 0.07g,No disponible,"(21,25 €/KILO)"
Golosinas sugar shuffle Fini bolsa 165 g,https://www.dia.es/azucar-chocolates-y-caramelos/caramelos-chicles-y-golosinas/p/180712,https://www.dia.es/product_images/180712/180712_ISO_0_ES.jpg?imwidth=392,"1,69 €",Grasas 0.2g de las cuales saturadas 0g Hidratos de Carbono 78g de los cuales azúcares 62g Proteínas 4g Sal 0.2g,No disponible,"(10,24 €/KILO)"
Caramelos de limón sin azúcar Smint lata 35 g,https://www.dia.es/azucar-chocolates-y-caramelos/caramelos-chicles-y-golosinas/p/180639,https://www.dia.es/product_images/180639/180639_ISO_0_ES.jpg?imwidth=392,"2,35 €",Grasas 0.8g de las cuales saturadas 0.8g Hidratos de Carbono 94g de los cuales azúcares 0g Proteínas 0g Sal 0.25g Polialcoholes 94g,No disponible,"(67,14 €/KILO)"
Pastillas de menta sin azúcar Smint caja 8 g,https://www.dia.es/azucar-chocolates-y-caramelos/caramelos-chicles-y-golosinas/p/17951,https://www.dia.es/product_images/17951/17951_ISO_0_ES.jpg?imwidth=392,"1,95 €",Grasas 1.1g de las cuales saturadas 1g Hidratos de Carbono 95g de los cuales azúcares 0g Proteínas 0g Sal 0.34g Polialcoholes 87g,No disponible,"(243,75 €/KILO)"
Chicles sabor hierbabuena sin azúcar Trident bolsa 43 g,https://www.dia.es/azucar-chocolates-y-caramelos/caramelos-chicles-y-golosinas/p/179257,https://www.dia.es/product_images/179257/179257_ISO_0_ES.jpg?imwidth=392,"1,39 €",Grasas 0.2g de las cuales saturadas 0.1g Hidratos de Carbono 66g de los cuales azúcares 0.1g Proteínas 0.1g Sal 0.02g Polialcoholes 66g,No disponible,"(32,33 €/KILO)"
Chicles sabor bubblemint sin azúcar Orbit bolsa 5 unidades,https://www.dia.es/azucar-chocolates-y-caramelos/caramelos-chicles-y-golosinas/p/178074,https://www.dia.es/product_images/178074/178074_ISO_0_ES.jpg?imwidth=392,"3,85 €",Grasas 0g de las cuales saturadas 0g Hidratos de Carbono 60.5g de los cuales azúcares 0g Proteínas 0g Sal 0g,No disponible,"(0,77 €/UNIDAD)"
Caramelos sabor menta extra fuerte Halls bolsa 2 x 32 g,https://www.dia.es/azucar-chocolates-y-caramelos/caramelos-chicles-y-golosinas/p/174430,https://www.dia.es/product_images/174430/174430_ISO_0_ES.jpg?imwidth=392,"1,99 €",Grasas 0.1g de las cuales saturadas 0g Hidratos de Carbono 97g de los cuales azúcares 0g Proteínas 0.1g Sal 0.05g Polialcoholes 97g,No disponible,"(31,09 €/KILO)"
Caramelo con palo de fresa melody pops Chupa Chups 1 unidad,https://www.dia.es/azucar-chocolates-y-caramelos/caramelos-chicles-y-golosinas/p/173051,https://www.dia.es/product_images/173051/173051_ISO_0_ES.jpg?imwidth=392,"1,00 €",Grasas 0g de las cuales saturadas 0g Hidratos de Carbono 97g de los cuales azúcares 79g Proteínas 0g Sal 0.02g,No disponible,"(1,00 €/UNIDAD)"
Golosinas spaguetti sabor fresa pika Haribo bolsa 150 g,https://www.dia.es/azucar-chocolates-y-caramelos/caramelos-chicles-y-golosinas/p/171845,https://www.dia.es/product_images/171845/171845_ISO_0_ES.jpg?imwidth=392,"1,49 €",Grasas 1.4g de las cuales saturadas 1.3g Hidratos de Carbono 84g de los cuales azúcares 54g Proteínas 0.6g Sal 0.19g,4x3 en selección haribo,No disponible
Chicles sabor fresa sin azúcar Trident bolsa 43 g,https://www.dia.es/azucar-chocolates-y-caramelos/caramelos-chicles-y-golosinas/p/169498,https://www.dia.es/product_images/169498/169498_ISO_0_ES.jpg?imwidth=392,"1,39 €",Grasas 0.9g de las cuales saturadas 0.7g Hidratos de Carbono 70g de los cuales azúcares 0.1g Proteínas 0.4g Sal 0.02g Polialcoholes 70g,No disponible,"(32,33 €/KILO)"
Chicles sabor menta sin azúcar Trident bolsa 43 g,https://www.dia.es/azucar-chocolates-y-caramelos/caramelos-chicles-y-golosinas/p/169497,https://www.dia.es/product_images/169497/169497_ISO_0_ES.jpg?imwidth=392,"1,39 €",Grasas 0.2g de las cuales saturadas 0.1g Hidratos de Carbono 70g de los cuales azúcares 0.1g Proteínas 0.1g Sal 0.02g Polialcoholes 70g,No disponible,"(32,33 €/KILO)"
Caramelos de eucalipto y menta Iceberg de Dia bolsa 300 g,https://www.dia.es/azucar-chocolates-y-caramelos/caramelos-chicles-y-golosinas/p/161786,https://www.dia.es/product_images/161786/161786_ISO_0_ES.jpg?imwidth=392,"2,19 €",Grasas 0g de las cuales saturadas 0g Hidratos de Carbono 97g de los cuales azúcares 77g Proteínas 0g Sal 0g,No disponible,"(7,30 €/KILO)"
Regaliz negro torcidas Marcelo Caramelo de Dia bolsa 225 g,https://www.dia.es/azucar-chocolates-y-caramelos/caramelos-chicles-y-golosinas/p/161772,https://www.dia.es/product_images/161772/161772_ISO_0_ES.jpg?imwidth=392,"1,09 €",Grasas 2g de las cuales saturadas 2g Hidratos de Carbono 74g de los cuales azúcares 40g Proteínas 3g Sal 1g,No disponible,"(4,84 €/KILO)"
Golosinas lágrimas Marcelo Caramelo de Dia bolsa 250 g,https://www.dia.es/azucar-chocolates-y-caramelos/caramelos-chicles-y-golosinas/p/161766,https://www.dia.es/product_images/161766/161766_ISO_0_ES.jpg?imwidth=392,"1,59 €",Grasas 0g de las cuales saturadas 0g Hidratos de Carbono 78g de los cuales azúcares 58g Proteínas 0g Sal 0g,No disponible,"(6,36 €/KILO)"
Golosinas ositos azucarados Marcelo Caramelo de Dia bolsa 250 g,https://www.dia.es/azucar-chocolates-y-caramelos/caramelos-chicles-y-golosinas/p/161739,https://www.dia.es/product_images/161739/161739_ISO_0_ES.jpg?imwidth=392,"1,59 €",Grasas 0g de las cuales saturadas 0g Hidratos de Carbono 79g de los cuales azúcares 60g Proteínas 0g Sal 0g,No disponible,"(6,36 €/KILO)"
Golosinas favoritos Haribo bolsa 150 g,https://www.dia.es/azucar-chocolates-y-caramelos/caramelos-chicles-y-golosinas/p/152677,https://www.dia.es/product_images/152677/152677_ISO_0_ES.jpg?imwidth=392,"1,49 €",Grasas 0.5g de las cuales saturadas 0.1g Hidratos de Carbono 80g de los cuales azúcares 57g Proteínas 4.4g Sal 0.07g,4x3 en selección haribo,No disponible
Golosinas starmix Haribo bolsa 150 g,https://www.dia.es/azucar-chocolates-y-caramelos/caramelos-chicles-y-golosinas/p/152675,https://www.dia.es/product_images/152675/152675_ISO_0_ES.jpg?imwidth=392,"1,49 €",Grasas 0.5g de las cuales saturadas 0.1g Hidratos de Carbono 77g de los cuales azúcares 50g Proteínas 5.6g Sal 0.01g,4x3 en selección haribo,No disponible
Golosinas tropifrutti Haribo bolsa 150 g,https://www.dia.es/azucar-chocolates-y-caramelos/caramelos-chicles-y-golosinas/p/152674,https://www.dia.es/product_images/152674/152674_ISO_0_ES.jpg?imwidth=392,"1,49 €",Grasas 0.5g de las cuales saturadas 0.1g Hidratos de Carbono 82g de los cuales azúcares 63g Proteínas 4.5g Sal 0g,4x3 en selección haribo,No disponible
Caramelos de eucalipto y mentol Respiral bolsa 150 g,https://www.dia.es/azucar-chocolates-y-caramelos/caramelos-chicles-y-golosinas/p/152517,https://www.dia.es/product_images/152517/152517_ISO_0_ES.jpg?imwidth=392,"1,95 €",Grasas 0g de las cuales saturadas 0g Hidratos de Carbono 97g de los cuales azúcares 79g Proteínas 0g Sal 0.01g,No disponible,"(13,00 €/KILO)"
Caramelos de eucalipto sin azúcar Smint lata 35 g,https://www.dia.es/azucar-chocolates-y-caramelos/caramelos-chicles-y-golosinas/p/149804,https://www.dia.es/product_images/149804/149804_ISO_0_ES.jpg?imwidth=392,"2,35 €",Grasas 0.9g de las cuales saturadas 0.9g Hidratos de Carbono 95g de los cuales azúcares 0g Proteínas 0g Sal 0.15g Polialcoholes 95g,No disponible,"(67,14 €/KILO)"
Caramelos de eucalipto sin azúcar Pictolin bolsa 200 g,https://www.dia.es/azucar-chocolates-y-caramelos/caramelos-chicles-y-golosinas/p/149700,https://www.dia.es/product_images/149700/149700_ISO_0_ES.jpg?imwidth=392,"2,35 €",Grasas 0g de las cuales saturadas 0g de las cuales monoinsaturadas 0g de las cuales poliinsaturadas 0g Hidratos de Carbono 97g de los cuales azúcares 0g Fibra alimentaria 0g Proteínas 1g Sal 0g Polialcoholes 97g Almidón 0g,No disponible,"(11,75 €/KILO)"
Caramelos de eucalipto Pictolin bolsa 300 g,https://www.dia.es/azucar-chocolates-y-caramelos/caramelos-chicles-y-golosinas/p/149699,https://www.dia.es/product_images/149699/149699_ISO_0_ES.jpg?imwidth=392,"2,59 €",Grasas 0g de las cuales saturadas 0g de las cuales monoinsaturadas 0g de las cuales poliinsaturadas 0g Hidratos de Carbono 97g de los cuales azúcares 94g Fibra alimentaria 0g Proteínas 0.6g Sal 0.02g Polialcoholes 0g Almidón 0g,No disponible,"(8,63 €/KILO)"
Caramelos sabor miel y limón Halls bolsa 2 x 32 g,https://www.dia.es/azucar-chocolates-y-caramelos/caramelos-chicles-y-golosinas/p/139219,https://www.dia.es/product_images/139219/139219_ISO_0_ES.jpg?imwidth=392,"1,99 €",Grasas 0.1g de las cuales saturadas 0.1g Hidratos de Carbono 98g de los cuales azúcares 0.1g Proteínas 0.1g Sal 0.07g Polialcoholes 98g,No disponible,"(29,70 €/KILO)"
Caramelos sabor cítricos Halls bolsa 2 x 32 g,https://www.dia.es/azucar-chocolates-y-caramelos/caramelos-chicles-y-golosinas/p/139218,https://www.dia.es/product_images/139218/139218_ISO_0_ES.jpg?imwidth=392,"1,99 €",Grasas 0.1g de las cuales saturadas 0.1g Hidratos de Carbono 96g de los cuales azúcares 0.1g Proteínas 0.1g Sal 0.17g Polialcoholes 96g,No disponible,"(31,09 €/KILO)"
Caramelos sabor eucalipto Halls bolsa 2 x 32 g,https://www.dia.es/azucar-chocolates-y-caramelos/caramelos-chicles-y-golosinas/p/139202,https://www.dia.es/product_images/139202/139202_ISO_0_ES.jpg?imwidth=392,"1,99 €",Grasas 0.1g de las cuales saturadas 0g Hidratos de Carbono 98g de los cuales azúcares 0g Proteínas 0.1g Sal 0.02g Polialcoholes 98g,No disponible,"(31,09 €/KILO)"
Caramelos bubble fresh sin azúcar Smint lata 35 g,https://www.dia.es/azucar-chocolates-y-caramelos/caramelos-chicles-y-golosinas/p/13503,https://www.dia.es/product_images/13503/13503_ISO_0_ES.jpg?imwidth=392,"2,35 €",Grasas 0.6g de las cuales saturadas 0.6g Hidratos de Carbono 98g de los cuales azúcares 0g Proteínas 0g Sal 0g Polialcoholes 98g,No disponible,"(67,14 €/KILO)"
Caramelos de fresa sin azúcar Smint lata 35 g,https://www.dia.es/azucar-chocolates-y-caramelos/caramelos-chicles-y-golosinas/p/129694,https://www.dia.es/product_images/129694/129694_ISO_0_ES.jpg?imwidth=392,"2,35 €",Grasas 1.4g de las cuales saturadas 1.4g Hidratos de Carbono 94g de los cuales azúcares 0g Proteínas 0g Sal 0.04g Polialcoholes 93g,No disponible,"(67,14 €/KILO)"
Regaliz rojo relleno Fini tarrina 290 g,https://www.dia.es/azucar-chocolates-y-caramelos/caramelos-chicles-y-golosinas/p/126248,https://www.dia.es/product_images/126248/126248_ISO_0_ES.jpg?imwidth=392,"2,99 €",Grasas 1.2g de las cuales saturadas 0.8g Hidratos de Carbono 86g de los cuales azúcares 69g Proteínas 1.7g Sal 0.3g,No disponible,"(10,31 €/KILO)"
Caramelos de menta fresca Lacasa bolsa 250 g,https://www.dia.es/azucar-chocolates-y-caramelos/caramelos-chicles-y-golosinas/p/124500,https://www.dia.es/product_images/124500/124500_ISO_0_ES.jpg?imwidth=392,"2,59 €",No disponible,No disponible,"(10,36 €/KILO)"
Polo refrescante mix para congelar Marcelo Caramelo de Dia bolsa 600 ml,https://www.dia.es/azucar-chocolates-y-caramelos/caramelos-chicles-y-golosinas/p/120001,https://www.dia.es/product_images/120001/120001_ISO_0_ES.jpg?imwidth=392,"1,45 €",Grasas 0g de las cuales saturadas 0g Hidratos de Carbono 7g de los cuales azúcares 7g Proteínas 0g Sal 0g,No disponible,"(2,42 €/LITRO)"
Caramelos de peppermint sin azúcar Smint lata 35 g,https://www.dia.es/azucar-chocolates-y-caramelos/caramelos-chicles-y-golosinas/p/118248,https://www.dia.es/product_images/118248/118248_ISO_0_ES.jpg?imwidth=392,"2,35 €",Grasas 0.3g de las cuales saturadas 0.3g Hidratos de Carbono 98g de los cuales azúcares 0g Proteínas 0g Sal 0g Polialcoholes 98g,No disponible,"(67,14 €/KILO)"
Chicle grageas sabor menta fuerte Orbit bolsa 5 unidades,https://www.dia.es/azucar-chocolates-y-caramelos/caramelos-chicles-y-golosinas/p/116091,https://www.dia.es/product_images/116091/116091_ISO_0_ES.jpg?imwidth=392,"3,69 €",Grasas 0g de las cuales saturadas 0g Hidratos de Carbono 59g de los cuales azúcares 0g Proteínas 0g Sal 0g Polialcoholes 59g,No disponible,"(0,74 €/UNIDAD)"
Caramelos masticables de frutas Sugus bolsa 150 g,https://www.dia.es/azucar-chocolates-y-caramelos/caramelos-chicles-y-golosinas/p/10398,https://www.dia.es/product_images/10398/10398_ISO_0_ES.jpg?imwidth=392,"2,99 €",Grasas 7.3g de las cuales saturadas 0g Hidratos de Carbono 83.3g de los cuales azúcares 0g Proteínas 0g Sal 0g,No disponible,"(19,93 €/KILO)"
Galletas dorada maría Galleteca de Dia paquete 800 g,https://www.dia.es/galletas-bollos-y-cereales/galletas/p/149293,https://www.dia.es/product_images/149293/149293_ISO_0_ES.jpg?imwidth=392,"1,45 €",Grasas 15g de las cuales saturadas 1.5g Hidratos de Carbono 74g de los cuales azúcares 20g Fibra alimentaria 2g Proteínas 5.7g Sal 0.73g,No disponible,"(1,81 €/KILO)"
Galletas rellenas de crema de chocolate Galleteca de Dia paquete 500 g,https://www.dia.es/galletas-bollos-y-cereales/galletas/p/32812,https://www.dia.es/product_images/32812/32812_ISO_0_ES.jpg?imwidth=392,"1,25 €",Grasas 20g de las cuales saturadas 9g Hidratos de Carbono 67g de los cuales azúcares 32g Proteínas 5.9g Sal 0.45g,No disponible,"(2,50 €/KILO)"
Galletas tostaditas Galleteca de Dia caja 600 g,https://www.dia.es/galletas-bollos-y-cereales/galletas/p/206129,https://www.dia.es/product_images/206129/206129_ISO_0_ES.jpg?imwidth=392,"1,50 €",Grasas 15g de las cuales saturadas 1.4g Hidratos de Carbono 73g de los cuales azúcares 21g Proteínas 6.8g Sal 0.48g Calcio 120mg Hierro 4mg Riboflavinas 0.8mg Tiamina 0.5mg,No disponible,"(2,50 €/KILO)"
Galletas de cacao rellenas de crema Galleteca de Dia caja 220 g,https://www.dia.es/galletas-bollos-y-cereales/galletas/p/220174,https://www.dia.es/product_images/220174/220174_ISO_0_ES.jpg?imwidth=392,"1,05 €",Grasas 20.1g de las cuales saturadas 10g Hidratos de Carbono 64.2g de los cuales azúcares 32g Proteínas 4.4g Sal 0.95g,No disponible,"(4,77 €/KILO)"
Galletas relieve Galleteca de Dia caja 735 g,https://www.dia.es/galletas-bollos-y-cereales/galletas/p/12008,https://www.dia.es/product_images/12008/12008_ISO_0_ES.jpg?imwidth=392,"1,65 €",Grasas 18g de las cuales saturadas 2.9g Hidratos de Carbono 70g de los cuales azúcares 20g Proteínas 6.5g Sal 0.38g,No disponible,"(2,24 €/KILO)"
Mini galletas con pepitas de chocolate Galleteca de Dia caja 160 g,https://www.dia.es/galletas-bollos-y-cereales/galletas/p/220178,https://www.dia.es/product_images/220178/220178_ISO_0_ES.jpg?imwidth=392,"1,40 €",Grasas 23.7g de las cuales saturadas 11.9g Hidratos de Carbono 62g de los cuales azúcares 29.2g Proteínas 5.9g Sal 0.84g,No disponible,"(8,75 €/KILO)"
Roscos de galleta con chocolate blanco chocoaros Galleteca de Dia bolsa 128 g,https://www.dia.es/galletas-bollos-y-cereales/galletas/p/13068,https://www.dia.es/product_images/13068/13068_ISO_0_ES.jpg?imwidth=392,"0,95 €",Grasas 25g de las cuales saturadas 14g Hidratos de Carbono 64g de los cuales azúcares 36g Fibra alimentaria 2g Proteínas 6.4g Sal 0.5g,No disponible,"(7,42 €/KILO)"
Galletas cubiertas de chocolate con leche Galleteca de Dia caja 150 g,https://www.dia.es/galletas-bollos-y-cereales/galletas/p/220175,https://www.dia.es/product_images/220175/220175_ISO_0_ES.jpg?imwidth=392,"1,40 €",Grasas 22g de las cuales saturadas 14g Hidratos de Carbono 66g de los cuales azúcares 38g Fibra alimentaria 2.8g Proteínas 5.8g Sal 4.8g,No disponible,"(9,33 €/KILO)"
Galletas de desayuno Cuétara Tostarica caja 570 g,https://www.dia.es/galletas-bollos-y-cereales/galletas/p/148067,https://www.dia.es/product_images/148067/148067_ISO_0_ES.jpg?imwidth=392,"2,99 €",Grasas 15g de las cuales saturadas 1.5g de las cuales monoinsaturadas 12g de las cuales poliinsaturadas 1.5g Hidratos de Carbono 73g de los cuales azúcares 20g Fibra alimentaria 2.9g Proteínas 7.5g Sal 0.68g Calcio 120mg Hierro 5mg Niacina 9µg Riboflavinas 0.8mg Tiamina 0.5mg,No disponible,"(5,25 €/KILO)"
Galletas con canela Cuétara Napolitanas caja 426 g,https://www.dia.es/galletas-bollos-y-cereales/galletas/p/296177,https://www.dia.es/product_images/296177/296177_ISO_0_ES.jpg?imwidth=392,"2,79 €",Grasas 20g de las cuales saturadas 7.6g Hidratos de Carbono 69g de los cuales azúcares 25g Fibra alimentaria 2g Proteínas 5.5g Sal 1g,No disponible,"(6,55 €/KILO)"
Galletas digestive Galleteca de Dia caja 800 g,https://www.dia.es/galletas-bollos-y-cereales/galletas/p/83648,https://www.dia.es/product_images/83648/83648_ISO_0_ES.jpg?imwidth=392,"1,60 €",Grasas 17g de las cuales saturadas 2g Hidratos de Carbono 70g de los cuales azúcares 17g Fibra alimentaria 3.6g Proteínas 6g Sal 1.6g,No disponible,"(2,00 €/KILO)"
Galletas tostadas Galleteca de Dia paquete 800 g,https://www.dia.es/galletas-bollos-y-cereales/galletas/p/480,https://www.dia.es/product_images/480/480_ISO_0_ES.jpg?imwidth=392,"1,45 €",Grasas 9.7g de las cuales saturadas 0.9g Hidratos de Carbono 76g de los cuales azúcares 18g Fibra alimentaria 4.6g Proteínas 7.6g Sal 0.63g,No disponible,"(1,81 €/KILO)"
Galletas con pepitas de chocolate Galleteca de Dia bolsa 225 g,https://www.dia.es/galletas-bollos-y-cereales/galletas/p/110671,https://www.dia.es/product_images/110671/110671_ISO_0_ES.jpg?imwidth=392,"1,40 €",Grasas 25g de las cuales saturadas 13g Hidratos de Carbono 63g de los cuales azúcares 40g Proteínas 5.4g Sal 0.55g Calcio 250mg Hierro 5mg Ácido pantoténico 6mg Riboflavinas 1mg Tiamina 1mg,No disponible,"(6,22 €/KILO)"
Galletas digestive con chocolate Galleteca de Dia paquete 300 g,https://www.dia.es/galletas-bollos-y-cereales/galletas/p/10410,https://www.dia.es/product_images/10410/10410_ISO_0_ES.jpg?imwidth=392,"1,40 €",Grasas 20g de las cuales saturadas 6g Hidratos de Carbono 63g de los cuales azúcares 26g Fibra alimentaria 3.6g Proteínas 6g Sal 1.4g,No disponible,"(4,67 €/KILO)"
Mini galletas con pepitas de chocolate Chips Ahoy caja 160 g,https://www.dia.es/galletas-bollos-y-cereales/galletas/p/26136,https://www.dia.es/product_images/26136/26136_ISO_0_ES.jpg?imwidth=392,"1,99 €",Grasas 24g de las cuales saturadas 12g Hidratos de Carbono 63g de los cuales azúcares 30g Fibra alimentaria 3.5g Proteínas 5.8g Sal 1g,No disponible,"(12,44 €/KILO)"
Galletas de cereales con vitaminas Artiach Dinosaurus caja 411 g,https://www.dia.es/galletas-bollos-y-cereales/galletas/p/37967,https://www.dia.es/product_images/37967/37967_ISO_0_ES.jpg?imwidth=392,"3,49 €",Grasas 18g de las cuales saturadas 1.7g Hidratos de Carbono 71g de los cuales azúcares 20g Fibra alimentaria 2.5g Proteínas 5.7g Ácido Fólico 72µg Sal 1.1g Niacina 6.5µg Ácido pantoténico 2.2mg Riboflavinas 0.6mg Tiamina 0.5mg,No disponible,"(8,49 €/KILO)"
Galletas integrales maría Galleteca de Dia caja 800 g,https://www.dia.es/galletas-bollos-y-cereales/galletas/p/269627,https://www.dia.es/product_images/269627/269627_ISO_0_ES.jpg?imwidth=392,"1,45 €",Grasas 11g de las cuales saturadas 1.3g Hidratos de Carbono 74g de los cuales azúcares 19g Fibra alimentaria 4.6g Proteínas 7.3g Sal 1.1g,No disponible,"(1,81 €/KILO)"
Galletas Cuétara Campurrianas caja 755 g,https://www.dia.es/galletas-bollos-y-cereales/galletas/p/458,https://www.dia.es/product_images/458/458_ISO_0_ES.jpg?imwidth=392,"3,99 €",Grasas 15g de las cuales saturadas 6.8g Hidratos de Carbono 74g de los cuales azúcares 25g Fibra alimentaria 2.3g Proteínas 5.6g Sal 0.63g,No disponible,"(5,28 €/KILO)"
Galletas caramelizadas Lotus Biscoff paquete 250 g,https://www.dia.es/galletas-bollos-y-cereales/galletas/p/275425,https://www.dia.es/product_images/275425/275425_ISO_0_ES.jpg?imwidth=392,"1,89 €",Grasas 19g de las cuales saturadas 8g Hidratos de Carbono 72.6g de los cuales azúcares 38.1g Fibra alimentaria 1.3g Proteínas 4.9g Sal 0.92g,No disponible,"(7,56 €/KILO)"
Galletas rellenas de arroz inflado chocolateado Cuétara Flakes caja 520 g,https://www.dia.es/galletas-bollos-y-cereales/galletas/p/169971,https://www.dia.es/product_images/169971/169971_ISO_0_ES.jpg?imwidth=392,"3,89 €",Grasas 14g de las cuales saturadas 7.1g Hidratos de Carbono 73g de los cuales azúcares 26g Fibra alimentaria 3.5g Proteínas 6.3g Sal 0.53g Calcio 120mg Hierro 5mg Niacina 8µg Ácido pantoténico 1.3mg Riboflavinas 0.7mg Tiamina 0.4mg,No disponible,"(7,48 €/KILO)"
Galletas digestive con avena y chocolate Gullón caja 425 g,https://www.dia.es/galletas-bollos-y-cereales/galletas/p/89449,https://www.dia.es/product_images/89449/89449_ISO_0_ES.jpg?imwidth=392,"2,49 €",Grasas 21g de las cuales saturadas 4.8g de las cuales monoinsaturadas 14g de las cuales poliinsaturadas 2.2g Hidratos de Carbono 61g de los cuales azúcares 22g Fibra alimentaria 6.5g Proteínas 7.6g Sal 1g,No disponible,"(5,86 €/KILO)"
Roscos de galleta con chocolate con leche chocoaros Galleteca de Dia bolsa 128 g,https://www.dia.es/galletas-bollos-y-cereales/galletas/p/84122,https://www.dia.es/product_images/84122/84122_ISO_0_ES.jpg?imwidth=392,"0,95 €",Grasas 25g de las cuales saturadas 14g Hidratos de Carbono 64g de los cuales azúcares 34g Fibra alimentaria 3g Proteínas 6g Sal 0.5g,No disponible,"(7,42 €/KILO)"
Galletas digestive sin azúcares Gullón caja 400 g,https://www.dia.es/galletas-bollos-y-cereales/galletas/p/81932,https://www.dia.es/product_images/81932/81932_ISO_0_ES.jpg?imwidth=392,"1,99 €",Grasas 16g de las cuales saturadas 1.5g de las cuales monoinsaturadas 13g de las cuales poliinsaturadas 1.5g Hidratos de Carbono 68g de los cuales azúcares 0.5g Fibra alimentaria 6.5g Proteínas 6.2g Sal 0.88g,No disponible,"(4,98 €/KILO)"
Galletas chip choco con pepitas de chocolate sin azúcares Gullón bolsa 125 g,https://www.dia.es/galletas-bollos-y-cereales/galletas/p/74283,https://www.dia.es/product_images/74283/74283_ISO_0_ES.jpg?imwidth=392,"2,69 €",Grasas 24g de las cuales saturadas 6g de las cuales monoinsaturadas 16g de las cuales poliinsaturadas 2g Hidratos de Carbono 63g de los cuales azúcares 0.5g Fibra alimentaria 4g Proteínas 5.9g Sal 0.58g,No disponible,"(21,52 €/KILO)"
Galletas palets de mantequilla St Michel caja 150 g,https://www.dia.es/galletas-bollos-y-cereales/galletas/p/6547,https://www.dia.es/product_images/6547/6547_ISO_0_ES.jpg?imwidth=392,"1,95 €",Grasas 26g de las cuales saturadas 17g Hidratos de Carbono 62g de los cuales azúcares 26g Fibra alimentaria 0g Proteínas 6.9g Sal 0.88g,No disponible,"(13,00 €/KILO)"
Galletas integrales Gullón Active paquete 280 g,https://www.dia.es/galletas-bollos-y-cereales/galletas/p/64620,https://www.dia.es/product_images/64620/64620_ISO_0_ES.jpg?imwidth=392,"1,59 €",Grasas 18g de las cuales saturadas 1.6g de las cuales monoinsaturadas 15g de las cuales poliinsaturadas 1.4g Hidratos de Carbono 60g de los cuales azúcares 17g Fibra alimentaria 13g Proteínas 6.3g Sal 0.68g,No disponible,"(5,68 €/KILO)"
Galletas doradas al horno sin azúcares Gullón caja 330 g,https://www.dia.es/galletas-bollos-y-cereales/galletas/p/55181,https://www.dia.es/product_images/55181/55181_ISO_0_ES.jpg?imwidth=392,"3,29 €",Grasas 18g de las cuales saturadas 1.5g de las cuales monoinsaturadas 15g de las cuales poliinsaturadas 1.5g Hidratos de Carbono 68g de los cuales azúcares 0.5g Fibra alimentaria 4g Proteínas 6g Sal 0.4g,No disponible,"(9,97 €/KILO)"
Galletas con chocolate rellenas de naranja Galleteca de Dia caja 300 g,https://www.dia.es/galletas-bollos-y-cereales/galletas/p/4914,https://www.dia.es/product_images/4914/4914_ISO_0_ES.jpg?imwidth=392,"1,79 €",Grasas 10g de las cuales saturadas 6g Hidratos de Carbono 69g de los cuales azúcares 52g Proteínas 3g Sal 0.15g,No disponible,"(5,97 €/KILO)"
Galletas maría Galleteca de Dia paquete 800 g,https://www.dia.es/galletas-bollos-y-cereales/galletas/p/469,https://www.dia.es/product_images/469/469_ISO_0_ES.jpg?imwidth=392,"1,45 €",Grasas 10g de las cuales saturadas 1g Hidratos de Carbono 77g de los cuales azúcares 19g Fibra alimentaria 2.6g Proteínas 7.6g Sal 0.63g,No disponible,"(1,81 €/KILO)"
Galletas cubiertas de chocolate negro Galleteca de Dia caja 150 g,https://www.dia.es/galletas-bollos-y-cereales/galletas/p/40413,https://www.dia.es/product_images/40413/40413_ISO_0_ES.jpg?imwidth=392,"1,40 €",Grasas 23g de las cuales saturadas 15g Hidratos de Carbono 64g de los cuales azúcares 34g Fibra alimentaria 4.3g Proteínas 6g Sal 0.35g,No disponible,"(9,33 €/KILO)"
Mini galletas de cacao rellenas de crema Oreo caja 160 g,https://www.dia.es/galletas-bollos-y-cereales/galletas/p/36798,https://www.dia.es/product_images/36798/36798_ISO_0_ES.jpg?imwidth=392,"1,99 €",Grasas 19g de las cuales saturadas 5.4g Hidratos de Carbono 67g de los cuales azúcares 35g Fibra alimentaria 2.9g Proteínas 5.6g Sal 0.76g,No disponible,"(12,44 €/KILO)"
Galletas de desayuno la buena maría Fontaneda caja 800 g,https://www.dia.es/galletas-bollos-y-cereales/galletas/p/34338,https://www.dia.es/product_images/34338/34338_ISO_0_ES.jpg?imwidth=392,"3,29 €",Grasas 11g de las cuales saturadas 4.9g Hidratos de Carbono 76g de los cuales azúcares 24g Fibra alimentaria 2.1g Proteínas 7.6g Sal 0.84g,No disponible,"(4,11 €/KILO)"
Galletas duo recubiertas de chocolate con leche Sonic Galleteca de Dia caja 252 g,https://www.dia.es/galletas-bollos-y-cereales/galletas/p/304711,https://www.dia.es/product_images/304711/304711_ISO_0_ES.jpg?imwidth=392,"1,99 €",Grasas 28g de las cuales saturadas 16g Hidratos de Carbono 62g de los cuales azúcares 43g Proteínas 5.3g Sal 0.5g,No disponible,"(7,90 €/KILO)"
Galletas con chocolate blanco y toppings choco muerdos Cuétara Flakes bolsa 100 g,https://www.dia.es/galletas-bollos-y-cereales/galletas/p/304651,https://www.dia.es/product_images/304651/304651_ISO_0_ES.jpg?imwidth=392,"1,89 €",Grasas 24g de las cuales saturadas 14g Hidratos de Carbono 67g de los cuales azúcares 34g Fibra alimentaria 1g Proteínas 5g Sal 0.53g,No disponible,"(18,90 €/KILO)"
Mini galletas choco leche Artiach Dinosaurus bolsa 120 g,https://www.dia.es/galletas-bollos-y-cereales/galletas/p/304650,https://www.dia.es/product_images/304650/304650_ISO_0_ES.jpg?imwidth=392,"1,89 €",Grasas 23g de las cuales saturadas 7.5g Hidratos de Carbono 67g de los cuales azúcares 29g Fibra alimentaria 2.4g Proteínas 5.4g Ácido Fólico 72µg Sal 0.85g Niacina 6.5µg Ácido pantoténico 2.2mg Riboflavinas 0.6mg Tiamina 0.5mg,No disponible,"(15,75 €/KILO)"
Mini galletas choco blanco Artiach Dinosaurus bolsa 120 g,https://www.dia.es/galletas-bollos-y-cereales/galletas/p/304649,https://www.dia.es/product_images/304649/304649_ISO_0_ES.jpg?imwidth=392,"1,89 €",Grasas 24g de las cuales saturadas 8.6g Hidratos de Carbono 67g de los cuales azúcares 30g Fibra alimentaria 1.5g Proteínas 5.1g Ácido Fólico 72µg Sal 0.88g Niacina 6.5µg Ácido pantoténico 2.2mg Riboflavinas 0.6mg Tiamina 0.5mg,No disponible,"(15,75 €/KILO)"
Obleas con doble relleno cards Kinder bolsa 26 g,https://www.dia.es/galletas-bollos-y-cereales/galletas/p/302926,https://www.dia.es/product_images/302926/302926_ISO_0_ES.jpg?imwidth=392,"0,69 €",Grasas 26.9g de las cuales saturadas 12.9g Hidratos de Carbono 55.5g de los cuales azúcares 43g Proteínas 11.9g Sal 0.44g,No disponible,"(26,54 €/KILO)"
Galletas crujientes con mermelada de fresa Doña delicia bolsa 100 g,https://www.dia.es/galletas-bollos-y-cereales/galletas/p/302191,https://www.dia.es/product_images/302191/302191_ISO_0_ES.jpg?imwidth=392,"1,19 €",No disponible,No disponible,"(11,90 €/KILO)"
Galletas bañadas con chocolate ColaCao bolsa 63 g,https://www.dia.es/galletas-bollos-y-cereales/galletas/p/301388,https://www.dia.es/product_images/301388/301388_ISO_0_ES.jpg?imwidth=392,"1,00 €",No disponible,No disponible,"(15,87 €/KILO)"
Galletas chocolateadas Los Simpsons Arluy bolsa 400 g,https://www.dia.es/galletas-bollos-y-cereales/galletas/p/301189,https://www.dia.es/product_images/301189/301189_ISO_0_ES.jpg?imwidth=392,"2,95 €",Grasas 17g de las cuales saturadas 2g Hidratos de Carbono 71g de los cuales azúcares 21g Proteínas 5.7g Sal 0.6g Hierro 3mg,No disponible,"(7,38 €/KILO)"
Galletas recubiertas de chocolate fina bombón Donuts paquete 119 g,https://www.dia.es/galletas-bollos-y-cereales/galletas/p/300876,https://www.dia.es/product_images/300876/300876_ISO_0_ES.jpg?imwidth=392,"2,29 €",No disponible,No disponible,"(19,24 €/KILO)"
Galletas rellenas de caramelo Doña delicia bolsa 40 g,https://www.dia.es/galletas-bollos-y-cereales/galletas/p/300875,https://www.dia.es/product_images/300875/300875_ISO_0_ES.jpg?imwidth=392,"0,60 €",No disponible,No disponible,"(15,00 €/KILO)"
Mini galletas rellenas de crema de chocolate Galleteca de Dia caja 220 g,https://www.dia.es/galletas-bollos-y-cereales/galletas/p/300080,https://www.dia.es/product_images/300080/300080_ISO_0_ES.jpg?imwidth=392,"1,25 €",Grasas 19g de las cuales saturadas 6.8g Hidratos de Carbono 68g de los cuales azúcares 31g Proteínas 5.9g Sal 0.68g,No disponible,"(5,68 €/KILO)"
Galletas al horno 0% azúcares añadidos Marbú Dorada caja 400 g,https://www.dia.es/galletas-bollos-y-cereales/galletas/p/299965,https://www.dia.es/product_images/299965/299965_ISO_0_ES.jpg?imwidth=392,"2,85 €",Grasas 17g de las cuales saturadas 1.7g de las cuales monoinsaturadas 13g de las cuales poliinsaturadas 1.7g Hidratos de Carbono 65g de los cuales azúcares 0.7g Fibra alimentaria 4.3g Proteínas 6.5g Sal 0.89g Polialcoholes 13g,No disponible,"(7,13 €/KILO)"
Galletas rellenas de chocolate y crema choco guay Cuétara Tostarica caja 168 g + 17% gratis,https://www.dia.es/galletas-bollos-y-cereales/galletas/p/299738,https://www.dia.es/product_images/299738/299738_ISO_0_ES.jpg?imwidth=392,"2,45 €",Grasas 20g de las cuales saturadas 9g Hidratos de Carbono 70g de los cuales azúcares 31g Fibra alimentaria 2.4g Proteínas 5.9g Sal 0.49g Calcio 120mg Hierro 4.5mg Niacina 6.3µg Riboflavinas 0.56mg Tiamina 0.35mg,No disponible,"(14,58 €/KILO)"
Galletas Cuétara María Oro bolsa 600 g,https://www.dia.es/galletas-bollos-y-cereales/galletas/p/298563,https://www.dia.es/product_images/298563/298563_ISO_0_ES.jpg?imwidth=392,"3,39 €",Grasas 18g de las cuales saturadas 3.5g Hidratos de Carbono 70g de los cuales azúcares 21g Fibra alimentaria 2g Proteínas 5.9g Sal 0.8g,No disponible,"(5,65 €/KILO)"
Galletas con chocolate Cuétara Campurrianas caja 450 g,https://www.dia.es/galletas-bollos-y-cereales/galletas/p/297330,https://www.dia.es/product_images/297330/297330_ISO_0_ES.jpg?imwidth=392,"3,95 €",Grasas 17g de las cuales saturadas 4.8g de las cuales monoinsaturadas 11g de las cuales poliinsaturadas 1.4g Hidratos de Carbono 69g de los cuales azúcares 31g Fibra alimentaria 2.8g Proteínas 6.2g Sal 0.54g,No disponible,"(8,78 €/KILO)"
Galletas a cucharadas ositos sabor choco Artiach Chiquilin caja 320 g,https://www.dia.es/galletas-bollos-y-cereales/galletas/p/296178,https://www.dia.es/product_images/296178/296178_ISO_0_ES.jpg?imwidth=392,"3,49 €",Grasas 15g de las cuales saturadas 1.9g Hidratos de Carbono 71g de los cuales azúcares 23g Fibra alimentaria 4.3g Proteínas 7.5g Sal 1.3g Calcio 300mg Hierro 7mg,No disponible,"(10,91 €/KILO)"
Galletas de cereales con chocolate blanco Artiach Dinosaurus caja 264 g,https://www.dia.es/galletas-bollos-y-cereales/galletas/p/296176,https://www.dia.es/product_images/296176/296176_ISO_0_ES.jpg?imwidth=392,"3,55 €",Grasas 22g de las cuales saturadas 7g Hidratos de Carbono 71g de los cuales azúcares 31g Fibra alimentaria 1.8g Proteínas 5.6g Ácido Fólico 72µg Sal 0.75g Niacina 6.5µg Ácido pantoténico 2.2mg Riboflavinas 0.6mg Tiamina 0.5mg,No disponible,"(13,45 €/KILO)"
Galletas choco leche Artiach Dinosaurus caja 255 g,https://www.dia.es/galletas-bollos-y-cereales/galletas/p/296119,https://www.dia.es/product_images/296119/296119_ISO_0_ES.jpg?imwidth=392,"3,55 €",Grasas 22g de las cuales saturadas 6.1g Hidratos de Carbono 67g de los cuales azúcares 29g Fibra alimentaria 2.4g Proteínas 5.5g Ácido Fólico 72µg Sal 0.93g Niacina 6.5µg Ácido pantoténico 2.2mg Riboflavinas 0.6mg Tiamina 0.5mg,No disponible,"(13,92 €/KILO)"
Galletas con mantequilla Dulce Noel Dia caja 125 g,https://www.dia.es/azucar-chocolates-y-caramelos/dulces-de-navidad/p/295589,https://www.dia.es/product_images/295589/295589_ISO_0_ES.jpg?imwidth=392,"1,50 €",Grasas 25g de las cuales saturadas 17g Hidratos de Carbono 63g de los cuales azúcares 26g Proteínas 5.8g Sal 0.29g,No disponible,"(12,00 €/KILO)"
Galletas de desayuno Artiach Chiquilin caja 525 g,https://www.dia.es/galletas-bollos-y-cereales/galletas/p/295426,https://www.dia.es/product_images/295426/295426_ISO_0_ES.jpg?imwidth=392,"3,65 €",Grasas 16g de las cuales saturadas 2.9g Hidratos de Carbono 72g de los cuales azúcares 21g Fibra alimentaria 2.7g Proteínas 6.7g Sal 0.25g Calcio 300mg Hierro 2.1mg,No disponible,"(6,95 €/KILO)"
Galletas con chocolate choco sticks Milka bolsa 112 g,https://www.dia.es/galletas-bollos-y-cereales/galletas/p/295319,https://www.dia.es/product_images/295319/295319_ISO_0_ES.jpg?imwidth=392,"1,75 €",Grasas 24g de las cuales saturadas 13g Hidratos de Carbono 63g de los cuales azúcares 35g Fibra alimentaria 2.6g Proteínas 7.7g Sal 0.48g,No disponible,"(15,63 €/KILO)"
Galletas de cacao Patrulla Canina Nickelodeon bolsa 150 g,https://www.dia.es/galletas-bollos-y-cereales/galletas/p/295027,https://www.dia.es/product_images/295027/295027_ISO_0_ES.jpg?imwidth=392,"1,59 €",Grasas 19g de las cuales saturadas 9.4g Hidratos de Carbono 62g de los cuales azúcares 18g Proteínas 7.8g Sal 0.32g,No disponible,"(10,60 €/KILO)"
Galletas con pepitas de chocolate oceanix Cuétara Tostarica caja 400 g + 80 g gratis,https://www.dia.es/galletas-bollos-y-cereales/galletas/p/294764,https://www.dia.es/product_images/294764/294764_ISO_0_ES.jpg?imwidth=392,"3,99 €",Grasas 18g de las cuales saturadas 2.5g de las cuales monoinsaturadas 14g de las cuales poliinsaturadas 1.8g Hidratos de Carbono 68g de los cuales azúcares 23g Fibra alimentaria 4g Proteínas 7g Sal 0.5g Calcio 120mg Hierro 10mg Niacina 9µg Riboflavinas 0.8mg Tiamina 0.5mg,No disponible,"(9,98 €/KILO)"
Galleta bañada en chocolate Cuétara Tostarica caja 210 g,https://www.dia.es/galletas-bollos-y-cereales/galletas/p/291934,https://www.dia.es/product_images/291934/291934_ISO_0_ES.jpg?imwidth=392,"3,29 €",Grasas 19g de las cuales saturadas 10g Hidratos de Carbono 67g de los cuales azúcares 33g Fibra alimentaria 2.5g Proteínas 6.2g Sal 0.55g Calcio 120mg Hierro 5mg Niacina 9µg Riboflavinas 0.8mg Tiamina 0.5mg,No disponible,"(15,67 €/KILO)"
Galletas saladas con semillas de chía Biscuits Galicia bolsa 200 g,https://www.dia.es/galletas-bollos-y-cereales/galletas/p/291365,https://www.dia.es/product_images/291365/291365_ISO_0_ES.jpg?imwidth=392,"1,85 €",Grasas 13g de las cuales saturadas 1.9g Hidratos de Carbono 68g de los cuales azúcares 2.5g Proteínas 10g Sal 0.73g,No disponible,"(9,25 €/KILO)"
Galletas digestive avena y chocolate Gullón bolsa 150 GR,https://www.dia.es/galletas-bollos-y-cereales/galletas/p/291095,https://www.dia.es/product_images/291095/291095_ISO_0_ES.jpg?imwidth=392,"2,69 €",Grasas 26g de las cuales saturadas 14g de las cuales monoinsaturadas 10g de las cuales poliinsaturadas 2g Hidratos de Carbono 55g de los cuales azúcares 3.6g Fibra alimentaria 12g Proteínas 7.7g Sal 0.68g,No disponible,"(17,93 €/KILO)"
Mini galletas digestive de chocolate con leche Gullón bolsa 160 g,https://www.dia.es/galletas-bollos-y-cereales/galletas/p/291060,https://www.dia.es/product_images/291060/291060_ISO_0_ES.jpg?imwidth=392,"1,50 €",Grasas 23g de las cuales saturadas 8g Hidratos de Carbono 64g de los cuales azúcares 28g Fibra alimentaria 4.8g Proteínas 6.1g Sal 1.3g,No disponible,"(9,38 €/KILO)"
Mini galletas digestive con avena y chocolate Gullón bolsa 160 g,https://www.dia.es/galletas-bollos-y-cereales/galletas/p/291058,https://www.dia.es/product_images/291058/291058_ISO_0_ES.jpg?imwidth=392,"1,50 €",Grasas 21g de las cuales saturadas 4.7g Hidratos de Carbono 61g de los cuales azúcares 22g Fibra alimentaria 6.8g Proteínas 7.4g Sal 0.98g,No disponible,"(9,38 €/KILO)"
Galletas caramelizadas rellenas de crema Lotus Biscoff bolsa 150 g,https://www.dia.es/galletas-bollos-y-cereales/galletas/p/289548,https://www.dia.es/product_images/289548/289548_ISO_0_ES.jpg?imwidth=392,"1,75 €",Grasas 26g de las cuales saturadas 15g Hidratos de Carbono 66g de los cuales azúcares 34g Fibra alimentaria 1.2g Proteínas 4.6g Sal 0.81g,No disponible,"(11,67 €/KILO)"
Galletas integrales con 5 cereales y chocolate Florbu bolsa 400 g,https://www.dia.es/galletas-bollos-y-cereales/galletas/p/288344,https://www.dia.es/product_images/288344/288344_ISO_0_ES.jpg?imwidth=392,"2,65 €",Grasas 20.1g de las cuales saturadas 3.1g de las cuales monoinsaturadas 15g de las cuales poliinsaturadas 2g Hidratos de Carbono 67g de los cuales azúcares 21g Fibra alimentaria 3g Proteínas 6.8g Sal 0.74g Hierro 5mg Niacina 5.7µg Riboflavinas 0.5mg Tiamina 0.4mg,No disponible,"(6,63 €/KILO)"
Tartelettes rellenas de frambuesa Bonne maman caja 135 g,https://www.dia.es/galletas-bollos-y-cereales/galletas/p/288005,https://www.dia.es/product_images/288005/288005_ISO_0_ES.jpg?imwidth=392,"2,85 €",Grasas 12g de las cuales saturadas 5.6g Hidratos de Carbono 68g de los cuales azúcares 47g Proteínas 3g Sal 0.25g,No disponible,"(21,11 €/KILO)"
Galletas con mantequilla Paw Patrol bolsa 150 g,https://www.dia.es/galletas-bollos-y-cereales/galletas/p/287896,https://www.dia.es/product_images/287896/287896_ISO_0_ES.jpg?imwidth=392,"1,59 €",Grasas 19g de las cuales saturadas 9.4g Hidratos de Carbono 63g de los cuales azúcares 15g Proteínas 7.8g Sal 0.19g,No disponible,"(10,60 €/KILO)"
Galletas sin sal y sin azúcar Gullón Ligera paquete 200 g,https://www.dia.es/galletas-bollos-y-cereales/galletas/p/28696,https://www.dia.es/product_images/28696/28696_ISO_0_ES.jpg?imwidth=392,"1,29 €",Grasas 13g de las cuales saturadas 1.5g de las cuales monoinsaturadas 9.2g de las cuales poliinsaturadas 2.3g Hidratos de Carbono 58g de los cuales azúcares 2.8g Fibra alimentaria 17g Proteínas 9g Sal 0.01g Potasio 480mg,No disponible,"(6,45 €/KILO)"
Galletas integrales sin azúcar Florbu bolsa 350 g,https://www.dia.es/galletas-bollos-y-cereales/galletas/p/285656,https://www.dia.es/product_images/285656/285656_ISO_0_ES.jpg?imwidth=392,"2,49 €",Grasas 17g de las cuales saturadas 1.4g de las cuales monoinsaturadas 13g de las cuales poliinsaturadas 2.2g Hidratos de Carbono 63g de los cuales azúcares 1.9g Fibra alimentaria 10g Proteínas 6.9g Sal 1.1g Polialcoholes 14g,No disponible,"(7,11 €/KILO)"
Barquillos mix Florbu bolsa 360 g,https://www.dia.es/galletas-bollos-y-cereales/galletas/p/285655,https://www.dia.es/product_images/285655/285655_ISO_0_ES.jpg?imwidth=392,"2,19 €",Grasas 29g de las cuales saturadas 15g Hidratos de Carbono 57g de los cuales azúcares 30g Fibra alimentaria 2.8g Proteínas 5g Sal 0.23g,No disponible,"(6,08 €/KILO)"
Galletas finas cubiertas de chocolate con leche sin azúcares Gullón bolsa 150 g,https://www.dia.es/galletas-bollos-y-cereales/galletas/p/284373,https://www.dia.es/product_images/284373/284373_ISO_0_ES.jpg?imwidth=392,"2,69 €",Grasas 25g de las cuales saturadas 14g de las cuales monoinsaturadas 10g de las cuales poliinsaturadas 1g Hidratos de Carbono 58g de los cuales azúcares 3.5g Fibra alimentaria 11g Proteínas 6.8g Sal 0.88g,No disponible,"(17,93 €/KILO)"
Galletas a cucharadas con cereales y vitaminas Artiach Dinosaurus caja 320 g,https://www.dia.es/galletas-bollos-y-cereales/galletas/p/283823,https://www.dia.es/product_images/283823/283823_ISO_0_ES.jpg?imwidth=392,"2,99 €",Grasas 17g de las cuales saturadas 1.6g de las cuales monoinsaturadas 13g de las cuales poliinsaturadas 1.7g Hidratos de Carbono 71g de los cuales azúcares 22g Fibra alimentaria 3.3g Proteínas 5.9g Ácido Fólico 72µg Sal 0.9g Calcio 120mg Niacina 6.5µg Ácido pantoténico 2.2mg Riboflavinas 0.6mg Tiamina 0.5mg,No disponible,"(9,34 €/KILO)"
Galletas rellenas con crema de cacao Nocilla bolsa 120 g,https://www.dia.es/galletas-bollos-y-cereales/galletas/p/279333,https://www.dia.es/product_images/279333/279333_ISO_0_ES.jpg?imwidth=392,"2,19 €",Grasas 23g de las cuales saturadas 9.5g de las cuales monoinsaturadas 11g de las cuales poliinsaturadas 2.4g Hidratos de Carbono 63g de los cuales azúcares 38g Fibra alimentaria 2.5g Proteínas 6.3g Sal 0.47g,No disponible,"(18,25 €/KILO)"
Barquillos rellenos de chocolate Doña delicia caja 150 g,https://www.dia.es/galletas-bollos-y-cereales/galletas/p/279302,https://www.dia.es/product_images/279302/279302_ISO_0_ES.jpg?imwidth=392,"1,29 €",No disponible,No disponible,"(8,60 €/KILO)"
Barquillos rellenos de vainilla Doña delicia caja 150 g,https://www.dia.es/galletas-bollos-y-cereales/galletas/p/279220,https://www.dia.es/product_images/279220/279220_ISO_0_ES.jpg?imwidth=392,"1,29 €",No disponible,No disponible,"(8,60 €/KILO)"
Galletas de barquillo recubiertas de chocolate mini wafers Milka bolsa 110 g,https://www.dia.es/galletas-bollos-y-cereales/galletas/p/278710,https://www.dia.es/product_images/278710/278710_ISO_0_ES.jpg?imwidth=392,"1,99 €",Grasas 29g de las cuales saturadas 17g Hidratos de Carbono 59g de los cuales azúcares 47g Fibra alimentaria 1.1g Proteínas 5.4g Sal 0.22g,3x2 en selección mondelez,No disponible
Galletas rellenas de crema de cacao Nutella bolsa 304 g,https://www.dia.es/galletas-bollos-y-cereales/galletas/p/277488,https://www.dia.es/product_images/277488/277488_ISO_0_ES.jpg?imwidth=392,"4,39 €",Grasas 24.6g de las cuales saturadas 11.5g Hidratos de Carbono 63.3g de los cuales azúcares 35.4g Proteínas 7.9g Sal 0.55g,No disponible,"(14,44 €/KILO)"
Palitos de galleta recubiertos de chocolate con leche Mikado estuche 75 g,https://www.dia.es/galletas-bollos-y-cereales/galletas/p/2755,https://www.dia.es/product_images/2755/2755_ISO_0_ES.jpg?imwidth=392,"1,99 €",Grasas 19g de las cuales saturadas 11g Hidratos de Carbono 67g de los cuales azúcares 34g Fibra alimentaria 2.8g Proteínas 7.7g Sal 0.85g,No disponible,"(26,53 €/KILO)"
Galletas caramelizadas rellenas de crema de vainilla Lotus Biscoff bolsa 150 g,https://www.dia.es/galletas-bollos-y-cereales/galletas/p/275423,https://www.dia.es/product_images/275423/275423_ISO_0_ES.jpg?imwidth=392,"1,75 €",Grasas 26g de las cuales saturadas 18g Hidratos de Carbono 68g de los cuales azúcares 41g Fibra alimentaria 1g Proteínas 3.7g Sal 0.67g,No disponible,"(11,67 €/KILO)"
Mini galletas rellenas de crema Oreo caja 160 g,https://www.dia.es/galletas-bollos-y-cereales/galletas/p/273426,https://www.dia.es/product_images/273426/273426_ISO_0_ES.jpg?imwidth=392,"1,99 €",Grasas 20g de las cuales saturadas 5.2g Hidratos de Carbono 69g de los cuales azúcares 33g Fibra alimentaria 2g Proteínas 4.9g Sal 0.77g,No disponible,"(12,44 €/KILO)"
Mini galletas rellenas con crema de cacao Nocilla bolsa 64 g,https://www.dia.es/galletas-bollos-y-cereales/galletas/p/271634,https://www.dia.es/product_images/271634/271634_ISO_0_ES.jpg?imwidth=392,"1,00 €",Grasas 25g de las cuales saturadas 10g de las cuales monoinsaturadas 12g de las cuales poliinsaturadas 2.5g Hidratos de Carbono 62g de los cuales azúcares 38g Fibra alimentaria 2.5g Proteínas 6.6g Sal 0.49g,No disponible,"(15,63 €/KILO)"
Mini galletas rellenas con crema de leche Nocilla bolsa 64 g,https://www.dia.es/galletas-bollos-y-cereales/galletas/p/271633,https://www.dia.es/product_images/271633/271633_ISO_0_ES.jpg?imwidth=392,"1,00 €",Grasas 24g de las cuales saturadas 9.2g de las cuales monoinsaturadas 13g de las cuales poliinsaturadas 1.9g Hidratos de Carbono 65g de los cuales azúcares 44g Fibra alimentaria 1g Proteínas 5.3g Sal 0.48g,No disponible,"(15,63 €/KILO)"
Galletas caramelizadas rellenas de chocolate Lotus Biscoff bolsa 150 g,https://www.dia.es/galletas-bollos-y-cereales/galletas/p/271106,https://www.dia.es/product_images/271106/271106_ISO_0_ES.jpg?imwidth=392,"1,75 €",Grasas 24g de las cuales saturadas 13g Hidratos de Carbono 67g de los cuales azúcares 40g Fibra alimentaria 1.9g Proteínas 5.2g Sal 0.72g,No disponible,"(11,67 €/KILO)"
Galletas con pepitas de chocolate con leche Milka bolsa 110 g,https://www.dia.es/galletas-bollos-y-cereales/galletas/p/267607,https://www.dia.es/product_images/267607/267607_ISO_0_ES.jpg?imwidth=392,"1,99 €",Grasas 25g de las cuales saturadas 13g Hidratos de Carbono 62g de los cuales azúcares 34g Fibra alimentaria 3g Proteínas 5.9g Sal 0.94g,3x2 en selección mondelez,No disponible
Galletas de cacao rellenas de crema bañadas con chocolate crunchy bites Oreo bolsa 110 g,https://www.dia.es/galletas-bollos-y-cereales/galletas/p/267606,https://www.dia.es/product_images/267606/267606_ISO_0_ES.jpg?imwidth=392,"1,89 €",Grasas 24g de las cuales saturadas 10g Hidratos de Carbono 65g de los cuales azúcares 45g Fibra alimentaria 2.4g Proteínas 5.2g Sal 0.51g,No disponible,"(17,18 €/KILO)"
Obleas con doble relleno Kinder caja 128 g,https://www.dia.es/galletas-bollos-y-cereales/galletas/p/263289,https://www.dia.es/product_images/263289/263289_ISO_0_ES.jpg?imwidth=392,"2,99 €",Grasas 26.9g de las cuales saturadas 12.9g Hidratos de Carbono 55.5g de los cuales azúcares 43g Proteínas 11.9g Sal 0.44g,No disponible,"(23,36 €/KILO)"
Barquillos tradicionales Rifacli Neula caja 48 g,https://www.dia.es/galletas-bollos-y-cereales/galletas/p/260097,https://www.dia.es/product_images/260097/260097_ISO_0_ES.jpg?imwidth=392,"0,59 €",Grasas 6g de las cuales saturadas 3g Hidratos de Carbono 84g de los cuales azúcares 32g Fibra alimentaria 2g Proteínas 7g Sal 1g,No disponible,"(12,29 €/KILO)"
Galletas digestive finas con chocolate negro Fontaneda caja 170 g,https://www.dia.es/galletas-bollos-y-cereales/galletas/p/258933,https://www.dia.es/product_images/258933/258933_ISO_0_ES.jpg?imwidth=392,"2,45 €",Grasas 24g de las cuales saturadas 13g Hidratos de Carbono 62g de los cuales azúcares 30g Fibra alimentaria 5.2g Proteínas 6.2g Sal 0.7g,No disponible,"(14,41 €/KILO)"
Roscos de galleta con chocolate blanco Artiach Filipinos bolsa 93 g + 35 g gratis,https://www.dia.es/galletas-bollos-y-cereales/galletas/p/25311,https://www.dia.es/product_images/25311/25311_ISO_0_ES.jpg?imwidth=392,"1,40 €",Grasas 23g de las cuales saturadas 14g Hidratos de Carbono 64g de los cuales azúcares 38g Fibra alimentaria 2.8g Proteínas 6.6g Sal 0.55g,No disponible,"(10,94 €/KILO)"
Galletas Cuétara Surtido caja 420 g,https://www.dia.es/galletas-bollos-y-cereales/galletas/p/251482,https://www.dia.es/product_images/251482/251482_ISO_0_ES.jpg?imwidth=392,"5,99 €",Grasas 22g de las cuales saturadas 13g Hidratos de Carbono 66g de los cuales azúcares 29g Fibra alimentaria 2.3g Proteínas 6g Sal 0.68g,No disponible,"(14,26 €/KILO)"
Galletas de desayuno mini go Cuétara Tostarica caja 240 g,https://www.dia.es/galletas-bollos-y-cereales/galletas/p/243056,https://www.dia.es/product_images/243056/243056_ISO_0_ES.jpg?imwidth=392,"2,85 €",Grasas 16g de las cuales saturadas 1.9g de las cuales monoinsaturadas 12g de las cuales poliinsaturadas 1.9g Hidratos de Carbono 73g de los cuales azúcares 20g Fibra alimentaria 2g Proteínas 6g Sal 0.68g Calcio 120mg Hierro 5mg Niacina 9µg Riboflavinas 0.8mg Tiamina 0.5mg,No disponible,"(11,88 €/KILO)"
Mini galletas de cacao rellenas de crema Galleteca de Dia bolsa 100 g,https://www.dia.es/galletas-bollos-y-cereales/galletas/p/236662,https://www.dia.es/product_images/236662/236662_ISO_0_ES.jpg?imwidth=392,"0,75 €",Grasas 21g de las cuales saturadas 7.8g Hidratos de Carbono 64g de los cuales azúcares 31g Fibra alimentaria 5g Proteínas 5.2g Sal 1.2g,No disponible,"(7,50 €/KILO)"
Galletas integral con avena y naranja Gullón caja 425 g,https://www.dia.es/galletas-bollos-y-cereales/galletas/p/232245,https://www.dia.es/product_images/232245/232245_ISO_0_ES.jpg?imwidth=392,"2,19 €",Grasas 21g de las cuales saturadas 2g de las cuales monoinsaturadas 17g de las cuales poliinsaturadas 2g Hidratos de Carbono 57g de los cuales azúcares 16g Fibra alimentaria 9.1g Proteínas 8.4g Sal 0.85g,No disponible,"(5,15 €/KILO)"
Galleta rellena de chocolate Milka bolsa 156 g,https://www.dia.es/galletas-bollos-y-cereales/galletas/p/221744,https://www.dia.es/product_images/221744/221744_ISO_0_ES.jpg?imwidth=392,"2,95 €",Grasas 27g de las cuales saturadas 13g Hidratos de Carbono 62g de los cuales azúcares 39g Fibra alimentaria 1.6g Proteínas 4.5g Sal 0.89g,No disponible,"(18,91 €/KILO)"
Galletas dibus sharkies con cacao sin gluten Gullón caja 250 g,https://www.dia.es/galletas-bollos-y-cereales/galletas/p/221003,https://www.dia.es/product_images/221003/221003_ISO_0_ES.jpg?imwidth=392,"2,89 €",Grasas 16g de las cuales saturadas 1.5g de las cuales monoinsaturadas 13g de las cuales poliinsaturadas 1.5g Hidratos de Carbono 75g de los cuales azúcares 21g Fibra alimentaria 3.8g Proteínas 1.9g Sal 0.43g,No disponible,"(11,56 €/KILO)"
Galletas con pepitas de chocolate y relleno de chocolate Galleteca de Dia bolsa 200 g,https://www.dia.es/galletas-bollos-y-cereales/galletas/p/220179,https://www.dia.es/product_images/220179/220179_ISO_0_ES.jpg?imwidth=392,"2,25 €",Grasas 28g de las cuales saturadas 11g Hidratos de Carbono 51g de los cuales azúcares 41g Proteínas 6.4g Sal 0.75g,No disponible,"(11,25 €/KILO)"
Barquillos rellenos de nata Galleteca de Dia bolsa 210 g,https://www.dia.es/galletas-bollos-y-cereales/galletas/p/220173,https://www.dia.es/product_images/220173/220173_ISO_0_ES.jpg?imwidth=392,"1,00 €",Grasas 26g de las cuales saturadas 13g Hidratos de Carbono 66g de los cuales azúcares 39g Fibra alimentaria 4.3g Proteínas 4.3g Sal 0.23g,No disponible,"(4,76 €/KILO)"
Barquillos rellenos de cacao Galleteca de Dia bolsa 210 g,https://www.dia.es/galletas-bollos-y-cereales/galletas/p/220172,https://www.dia.es/product_images/220172/220172_ISO_0_ES.jpg?imwidth=392,"1,00 €",Grasas 28g de las cuales saturadas 14g Hidratos de Carbono 60g de los cuales azúcares 27g Fibra alimentaria 5.9g Proteínas 5.9g Sal 0.18g,No disponible,"(4,76 €/KILO)"
Galletas golden Oreo caja 154 g,https://www.dia.es/galletas-bollos-y-cereales/galletas/p/213688,https://www.dia.es/product_images/213688/213688_ISO_0_ES.jpg?imwidth=392,"1,45 €",Grasas 20g de las cuales saturadas 5.2g Hidratos de Carbono 69g de los cuales azúcares 33g Fibra alimentaria 1.8g Proteínas 5.5g Sal 0.77g,No disponible,"(9,42 €/KILO)"
Palitos de galleta recubiertos de chocolate Mikado caja 75 g,https://www.dia.es/galletas-bollos-y-cereales/galletas/p/21213,https://www.dia.es/product_images/21213/21213_ISO_0_ES.jpg?imwidth=392,"1,99 €",Grasas 18g de las cuales saturadas 11g Hidratos de Carbono 66g de los cuales azúcares 32g Fibra alimentaria 5.6g Proteínas 6.4g Sal 0.78g,No disponible,"(26,53 €/KILO)"
Galletas con fibra sin azúcares Diet fibra bolsa 240 g,https://www.dia.es/galletas-bollos-y-cereales/galletas/p/20924,https://www.dia.es/product_images/20924/20924_ISO_0_ES.jpg?imwidth=392,"1,65 €",Grasas 15g de las cuales saturadas 1.4g de las cuales monoinsaturadas 12g de las cuales poliinsaturadas 1.6g Hidratos de Carbono 51g de los cuales azúcares 1.9g Fibra alimentaria 25g Proteínas 5.6g Sal 0.63g Polialcoholes 14g Almidón 37g,No disponible,"(6,88 €/KILO)"
Galletas huevos de cereales con chocolate Artiach Dinosaurus caja 140 g,https://www.dia.es/galletas-bollos-y-cereales/galletas/p/207884,https://www.dia.es/product_images/207884/207884_ISO_0_ES.jpg?imwidth=392,"2,45 €",No disponible,No disponible,"(17,50 €/KILO)"
Galletas de desayuno con fibra Cuétara Tostarica caja 760 g,https://www.dia.es/galletas-bollos-y-cereales/galletas/p/207882,https://www.dia.es/product_images/207882/207882_ISO_0_ES.jpg?imwidth=392,"4,25 €",Grasas 14g de las cuales saturadas 1.5g de las cuales monoinsaturadas 11g de las cuales poliinsaturadas 1.7g Hidratos de Carbono 69g de los cuales azúcares 24g Fibra alimentaria 5.4g Proteínas 5.8g Sal 0.7g Calcio 120mg Hierro 5mg Niacina 9µg Riboflavinas 0.8mg Tiamina 0.5mg,No disponible,"(5,59 €/KILO)"
Galletas crocant original con copos de avena Gullón Vitalday caja 265 g,https://www.dia.es/galletas-bollos-y-cereales/galletas/p/207045,https://www.dia.es/product_images/207045/207045_ISO_0_ES.jpg?imwidth=392,"1,99 €",Grasas 14g de las cuales saturadas 1.3g de las cuales monoinsaturadas 11g de las cuales poliinsaturadas 1.7g Hidratos de Carbono 70g de los cuales azúcares 16g Fibra alimentaria 6g Proteínas 6.9g Sal 1.1g,No disponible,"(7,51 €/KILO)"
Galletas sándwich con avena y frutos rojos rellenas de yogurt Gullón Vitalday caja 220 g,https://www.dia.es/galletas-bollos-y-cereales/galletas/p/205923,https://www.dia.es/product_images/205923/205923_ISO_0_ES.jpg?imwidth=392,"2,29 €",Grasas 15g de las cuales saturadas 2.3g de las cuales monoinsaturadas 11g de las cuales poliinsaturadas 1.7g Hidratos de Carbono 63g de los cuales azúcares 26g Fibra alimentaria 8g Proteínas 8g Sal 0.53g,No disponible,"(10,41 €/KILO)"
Galletas sándwich con avena y chips de chocolate rellenas de avellanas Gullón Vitalday caja 220 g,https://www.dia.es/galletas-bollos-y-cereales/galletas/p/205917,https://www.dia.es/product_images/205917/205917_ISO_0_ES.jpg?imwidth=392,"2,45 €",Grasas 17g de las cuales saturadas 3.8g de las cuales monoinsaturadas 12g de las cuales poliinsaturadas 1.2g Hidratos de Carbono 62g de los cuales azúcares 25g Fibra alimentaria 9g Proteínas 7g Sal 0.43g,No disponible,"(11,14 €/KILO)"
Mini galletas chocolateadas con vitaminas Simpsons Arluy caja 135 g,https://www.dia.es/galletas-bollos-y-cereales/galletas/p/198551,https://www.dia.es/product_images/198551/198551_ISO_0_ES.jpg?imwidth=392,"1,89 €",Grasas 17g de las cuales saturadas 2g de las cuales monoinsaturadas 0g de las cuales poliinsaturadas 0g Hidratos de Carbono 72g de los cuales azúcares 21g Fibra alimentaria 3.2g Proteínas 5.4g Ácido Fólico 30µg Sal 0.62g Calcio 145mg Hierro 3.1mg Niacina 3.9µg Ácido pantoténico 0.9mg Riboflavinas 0.45mg Almidón 52g Tiamina 0.8mg,No disponible,"(14,00 €/KILO)"
Galleta rellena de crema de chocolate Principe paquete 300 g,https://www.dia.es/galletas-bollos-y-cereales/galletas/p/18992,https://www.dia.es/product_images/18992/18992_ISO_0_ES.jpg?imwidth=392,"2,09 €",Grasas 17g de las cuales saturadas 5.6g Hidratos de Carbono 71g de los cuales azúcares 32g Fibra alimentaria 3.1g Proteínas 6.2g Sal 0.49g,No disponible,"(6,97 €/KILO)"
Galletas rellenas de chocolate maxi choc Principe paquete 3 x 250 g,https://www.dia.es/galletas-bollos-y-cereales/galletas/p/189843,https://www.dia.es/product_images/189843/189843_ISO_0_ES.jpg?imwidth=392,"5,89 €",Grasas 22g de las cuales saturadas 9.6g Hidratos de Carbono 66g de los cuales azúcares 36g Fibra alimentaria 3.4g Proteínas 5.5g Sal 0.38g,No disponible,"(7,85 €/KILO)"
Galleta rellena de crema de chocolate Principe paquete 3 x 300 g,https://www.dia.es/galletas-bollos-y-cereales/galletas/p/189842,https://www.dia.es/product_images/189842/189842_ISO_0_ES.jpg?imwidth=392,"5,35 €",Grasas 17g de las cuales saturadas 5.6g Hidratos de Carbono 71g de los cuales azúcares 32g Fibra alimentaria 3.1g Proteínas 6.2g Sal 0.49g,No disponible,"(5,94 €/KILO)"
Surtido de galletas Galleteca de Dia caja 500 g,https://www.dia.es/galletas-bollos-y-cereales/galletas/p/186743,https://www.dia.es/product_images/186743/186743_ISO_0_ES.jpg?imwidth=392,"4,75 €",Grasas 27.2g de las cuales saturadas 15.5g Hidratos de Carbono 59.2g de los cuales azúcares 34.9g Proteínas 5.9g Sal 0.42g Calcio 12mg Hierro 4mg Riboflavinas 1mg Tiamina 0.5mg,No disponible,"(9,50 €/KILO)"
Galletas con arándanos y pepitas de chocolate blanco Galleteca de Dia bolsa 184 g,https://www.dia.es/galletas-bollos-y-cereales/galletas/p/183512,https://www.dia.es/product_images/183512/183512_ISO_0_ES.jpg?imwidth=392,"2,25 €",Grasas 23g de las cuales saturadas 11g Hidratos de Carbono 58g de los cuales azúcares 39g Proteínas 8.4g Sal 1.3g,No disponible,"(12,23 €/KILO)"
Galletas con chocolate energy Artiach Chiquilin caja 200 g,https://www.dia.es/galletas-bollos-y-cereales/galletas/p/183357,https://www.dia.es/product_images/183357/183357_ISO_0_ES.jpg?imwidth=392,"3,59 €",Grasas 22g de las cuales saturadas 11g Hidratos de Carbono 67g de los cuales azúcares 26g Fibra alimentaria 2.6g Proteínas 6.5g Sal 0.6g Calcio 300mg Hierro 3.5mg,No disponible,"(17,95 €/KILO)"
Galletas rellenas de chocolate maxi choc Principe paquete 250 g,https://www.dia.es/galletas-bollos-y-cereales/galletas/p/179570,https://www.dia.es/product_images/179570/179570_ISO_0_ES.jpg?imwidth=392,"2,29 €",Grasas 22g de las cuales saturadas 9.6g Hidratos de Carbono 66g de los cuales azúcares 36g Fibra alimentaria 3.4g Proteínas 5.5g Sal 0.38g,No disponible,"(9,16 €/KILO)"
Roscos de galleta con chocolate negro Artiach Filipinos bolsa 93 g + 35 g gratis,https://www.dia.es/galletas-bollos-y-cereales/galletas/p/177632,https://www.dia.es/product_images/177632/177632_ISO_0_ES.jpg?imwidth=392,"1,40 €",Grasas 26g de las cuales saturadas 15g Hidratos de Carbono 60g de los cuales azúcares 29g Fibra alimentaria 4g Proteínas 6.8g Sal 0.28g,No disponible,"(10,94 €/KILO)"
Mini galletas Los Simpsons Arluy bolsa 400 g,https://www.dia.es/galletas-bollos-y-cereales/galletas/p/176414,https://www.dia.es/product_images/176414/176414_ISO_0_ES.jpg?imwidth=392,"3,95 €",No disponible,No disponible,"(9,88 €/KILO)"
Galletas con pepitas de chocolate Chips Ahoy caja 300 g,https://www.dia.es/galletas-bollos-y-cereales/galletas/p/16559,https://www.dia.es/product_images/16559/16559_ISO_0_ES.jpg?imwidth=392,"3,95 €",Grasas 24g de las cuales saturadas 12g Hidratos de Carbono 64g de los cuales azúcares 33g Fibra alimentaria 3.3g Proteínas 5.5g Sal 0.74g,No disponible,"(13,17 €/KILO)"
Galletas maría sin gluten Gullón caja 400 g,https://www.dia.es/galletas-bollos-y-cereales/galletas/p/164754,https://www.dia.es/product_images/164754/164754_ISO_0_ES.jpg?imwidth=392,"3,05 €",Grasas 19g de las cuales saturadas 2g de las cuales monoinsaturadas 15g de las cuales poliinsaturadas 2g Hidratos de Carbono 66g de los cuales azúcares 19g Fibra alimentaria 7.4g Proteínas 5.1g Sal 0.88g,No disponible,"(7,63 €/KILO)"
Galletas digestive original Fontaneda caja 700 g,https://www.dia.es/galletas-bollos-y-cereales/galletas/p/162446,https://www.dia.es/product_images/162446/162446_ISO_0_ES.jpg?imwidth=392,"3,90 €",Grasas 21g de las cuales saturadas 9.4g Hidratos de Carbono 63g de los cuales azúcares 18g Fibra alimentaria 4.3g Proteínas 7g Sal 1.7g,No disponible,"(5,57 €/KILO)"
Barquillos de chocolate sin azúcares Gullón caja 180 g,https://www.dia.es/galletas-bollos-y-cereales/galletas/p/160478,https://www.dia.es/product_images/160478/160478_ISO_0_ES.jpg?imwidth=392,"2,09 €",Grasas 22g de las cuales saturadas 13g Hidratos de Carbono 68g de los cuales azúcares 0.5g Fibra alimentaria 3.4g Proteínas 4.4g Sal 0.15g,No disponible,"(11,61 €/KILO)"
Galletas de barquillo cubiertas de chocolate blanco choco wafer Milka bolsa 180 g,https://www.dia.es/galletas-bollos-y-cereales/galletas/p/158038,https://www.dia.es/product_images/158038/158038_ISO_0_ES.jpg?imwidth=392,"2,99 €",Grasas 30g de las cuales saturadas 17g Hidratos de Carbono 60g de los cuales azúcares 47g Fibra alimentaria 1.3g Proteínas 5.6g Sal 0.29g,No disponible,"(16,61 €/KILO)"
Roscos de galleta con chocolate negro chocoaros Galleteca de Dia bolsa 128 g,https://www.dia.es/galletas-bollos-y-cereales/galletas/p/1577,https://www.dia.es/product_images/1577/1577_ISO_0_ES.jpg?imwidth=392,"0,95 €",Grasas 26g de las cuales saturadas 15g Hidratos de Carbono 61g de los cuales azúcares 31g Fibra alimentaria 4g Proteínas 6g Sal 0.5g,No disponible,"(7,42 €/KILO)"
Galletas sándwich con chocolate sin azúcares Gullón caja 250 g,https://www.dia.es/galletas-bollos-y-cereales/galletas/p/150608,https://www.dia.es/product_images/150608/150608_ISO_0_ES.jpg?imwidth=392,"2,05 €",Grasas 17g de las cuales saturadas 7.1g de las cuales monoinsaturadas 8.3g de las cuales poliinsaturadas 1.6g Hidratos de Carbono 64g de los cuales azúcares 5g Fibra alimentaria 7.2g Proteínas 7.5g Sal 0.6g,No disponible,"(8,20 €/KILO)"
Galletas con chocolate con leche Milka caja 150 g,https://www.dia.es/galletas-bollos-y-cereales/galletas/p/142433,https://www.dia.es/product_images/142433/142433_ISO_0_ES.jpg?imwidth=392,"2,69 €",Grasas 21g de las cuales saturadas 12g Hidratos de Carbono 67g de los cuales azúcares 41g Fibra alimentaria 2.3g Proteínas 6g Sal 0.68g,No disponible,"(17,93 €/KILO)"
Galletas digestive con avena y trigo Galleteca de Dia caja 425 g,https://www.dia.es/galletas-bollos-y-cereales/galletas/p/141787,https://www.dia.es/product_images/141787/141787_ISO_0_ES.jpg?imwidth=392,"1,25 €",Grasas 21g de las cuales saturadas 2.3g Hidratos de Carbono 61g de los cuales azúcares 18g Fibra alimentaria 6.8g Proteínas 7.5g Sal 1.1g Almidón 7g,No disponible,"(2,94 €/KILO)"
Barquillos de vainilla sin azúcares Gullón bolsa 180 g,https://www.dia.es/galletas-bollos-y-cereales/galletas/p/14159,https://www.dia.es/product_images/14159/14159_ISO_0_ES.jpg?imwidth=392,"2,05 €",Grasas 22g de las cuales saturadas 12g Hidratos de Carbono 63g de los cuales azúcares 0.5g Fibra alimentaria 10g Proteínas 3g Sal 0.15g,No disponible,"(11,39 €/KILO)"
Galletas con pepitas de chocolate Chips Ahoy bolsa 128 g,https://www.dia.es/galletas-bollos-y-cereales/galletas/p/141217,https://www.dia.es/product_images/141217/141217_ISO_0_ES.jpg?imwidth=392,"1,49 €",Grasas 24g de las cuales saturadas 12g Hidratos de Carbono 64g de los cuales azúcares 33g Fibra alimentaria 3.3g Proteínas 5.5g Sal 0.74g,No disponible,"(11,64 €/KILO)"
Surtido de pastas artesanas Reglero caja 400 g,https://www.dia.es/galletas-bollos-y-cereales/galletas/p/141106,https://www.dia.es/product_images/141106/141106_ISO_0_ES.jpg?imwidth=392,"4,85 €",Grasas 27g de las cuales saturadas 11g Hidratos de Carbono 61g de los cuales azúcares 19g Proteínas 6.7g Sal 0.13g,No disponible,"(12,13 €/KILO)"
Mini galletas de hojaldre Artiach Princesa caja 120 g,https://www.dia.es/galletas-bollos-y-cereales/galletas/p/140753,https://www.dia.es/product_images/140753/140753_ISO_0_ES.jpg?imwidth=392,"2,29 €",Grasas 18g de las cuales saturadas 1.6g de las cuales monoinsaturadas 14g de las cuales poliinsaturadas 1.9g Hidratos de Carbono 71g de los cuales azúcares 26g Fibra alimentaria 1.9g Proteínas 5.4g Sal 0.75g,No disponible,"(19,08 €/KILO)"
Galletas integrales marielu Fontaneda caja 520 g,https://www.dia.es/galletas-bollos-y-cereales/galletas/p/139922,https://www.dia.es/product_images/139922/139922_ISO_0_ES.jpg?imwidth=392,"3,65 €",Grasas 17g de las cuales saturadas 8.4g Hidratos de Carbono 68g de los cuales azúcares 25g Fibra alimentaria 4.4g Proteínas 7.2g Sal 1.1g,No disponible,"(7,02 €/KILO)"
Galletas de cacao rellenas con doble crema Oreo bolsa 185 g,https://www.dia.es/galletas-bollos-y-cereales/galletas/p/134625,https://www.dia.es/product_images/134625/134625_ISO_0_ES.jpg?imwidth=392,"1,99 €",Grasas 22g de las cuales saturadas 7.4g Hidratos de Carbono 67g de los cuales azúcares 40g Fibra alimentaria 2.3g Proteínas 4.3g Sal 0.59g,No disponible,"(10,76 €/KILO)"
Galletas dorada con cereales Gullón caja 800 g,https://www.dia.es/galletas-bollos-y-cereales/galletas/p/134050,https://www.dia.es/product_images/134050/134050_ISO_0_ES.jpg?imwidth=392,"3,55 €",Grasas 18g de las cuales saturadas 2g de las cuales monoinsaturadas 14g de las cuales poliinsaturadas 2g Hidratos de Carbono 70g de los cuales azúcares 17g Fibra alimentaria 2.3g Proteínas 6.5g Sal 0.7g,No disponible,"(3,55 €/KILO)"
Galletas maría sin azúcares Gullón caja 400 g,https://www.dia.es/galletas-bollos-y-cereales/galletas/p/132980,https://www.dia.es/product_images/132980/132980_ISO_0_ES.jpg?imwidth=392,"2,55 €",Grasas 11g de las cuales saturadas 1.3g de las cuales monoinsaturadas 8.3g de las cuales poliinsaturadas 1.4g Hidratos de Carbono 75g de los cuales azúcares 0.5g Fibra alimentaria 4.5g Proteínas 7g Sal 1g,No disponible,"(6,38 €/KILO)"
Galletas de cacao rellenas de crema Oreo caja 220 g,https://www.dia.es/galletas-bollos-y-cereales/galletas/p/132633,https://www.dia.es/product_images/132633/132633_ISO_0_ES.jpg?imwidth=392,"2,29 €",Grasas 19g de las cuales saturadas 5.4g Hidratos de Carbono 67g de los cuales azúcares 35g Fibra alimentaria 2.9g Proteínas 5.6g Sal 0.76g,No disponible,"(10,41 €/KILO)"
Galletas de barquillo cubiertas de chocolate choco wafer Milka bolsa 180 g,https://www.dia.es/galletas-bollos-y-cereales/galletas/p/120658,https://www.dia.es/product_images/120658/120658_ISO_0_ES.jpg?imwidth=392,"2,99 €",Grasas 31g de las cuales saturadas 18g Hidratos de Carbono 56g de los cuales azúcares 43g Fibra alimentaria 2.8g Proteínas 6.7g Sal 0.28g,No disponible,"(16,61 €/KILO)"
Mini galletas rellenas de chocolate Principe caja 160 g,https://www.dia.es/galletas-bollos-y-cereales/galletas/p/117161,https://www.dia.es/product_images/117161/117161_ISO_0_ES.jpg?imwidth=392,"1,99 €",Grasas 25g de las cuales saturadas 11g Hidratos de Carbono 63g de los cuales azúcares 28g Fibra alimentaria 3g Proteínas 6.1g Sal 0.59g,No disponible,"(12,44 €/KILO)"
Galletas rellenas de crema de limón Cuétara paquete 150 g,https://www.dia.es/galletas-bollos-y-cereales/galletas/p/114234,https://www.dia.es/product_images/114234/114234_ISO_0_ES.jpg?imwidth=392,"1,20 €",Grasas 23g de las cuales saturadas 12g Hidratos de Carbono 67g de los cuales azúcares 32g Fibra alimentaria 2g Proteínas 5g Sal 0.58g,No disponible,"(8,00 €/KILO)"
Galletas de desayuno con cereales y chocolate Belvita caja 300 g,https://www.dia.es/galletas-bollos-y-cereales/galletas/p/113654,https://www.dia.es/product_images/113654/113654_ISO_0_ES.jpg?imwidth=392,"2,35 €",Grasas 14g de las cuales saturadas 3.6g Hidratos de Carbono 66g de los cuales azúcares 27g Fibra alimentaria 6.8g Proteínas 7.9g Sal 0.62g Calcio 284mg Hierro 7.8mg Magnesio 164mg Almidón 38g,No disponible,"(7,83 €/KILO)"
Galletas de cacao rellenas de crema Oreo bolsa 154 g,https://www.dia.es/galletas-bollos-y-cereales/galletas/p/111402,https://www.dia.es/product_images/111402/111402_ISO_0_ES.jpg?imwidth=392,"1,41 €",Grasas 19g de las cuales saturadas 5.4g Hidratos de Carbono 67g de los cuales azúcares 35g Fibra alimentaria 2.9g Proteínas 5.6g Sal 0.76g,No disponible,"(9,16 €/KILO)"
Barquillos rellenos de nata Artiach Artinata caja 210 g,https://www.dia.es/galletas-bollos-y-cereales/galletas/p/10893,https://www.dia.es/product_images/10893/10893_ISO_0_ES.jpg?imwidth=392,"2,49 €",Grasas 25g de las cuales saturadas 23g Hidratos de Carbono 68g de los cuales azúcares 41g Fibra alimentaria 2.1g Proteínas 3g Sal 0.33g,No disponible,"(11,86 €/KILO)"
Galletas de cacao rellenas de crema bañadas con chocolate blanco Oreo caja 246 g,https://www.dia.es/galletas-bollos-y-cereales/galletas/p/1011,https://www.dia.es/product_images/1011/1011_ISO_0_ES.jpg?imwidth=392,"2,80 €",Grasas 25g de las cuales saturadas 11g Hidratos de Carbono 66g de los cuales azúcares 48g Fibra alimentaria 1.6g Proteínas 4.8g Sal 0.5g,No disponible,"(11,38 €/KILO)"
Galletas digestive con muesli Gullón caja 365 g,https://www.dia.es/galletas-bollos-y-cereales/galletas/p/100269,https://www.dia.es/product_images/100269/100269_ISO_0_ES.jpg?imwidth=392,"2,19 €",Grasas 18g de las cuales saturadas 2g de las cuales monoinsaturadas 14g de las cuales poliinsaturadas 2g Hidratos de Carbono 64g de los cuales azúcares 21g Fibra alimentaria 7g Proteínas 7.5g Sal 0.7g,No disponible,"(6,00 €/KILO)"
Galletas rellenas de chocolate blanco estrellas Principe caja 225 g,https://www.dia.es/galletas-bollos-y-cereales/galletas/p/100268,https://www.dia.es/product_images/100268/100268_ISO_0_ES.jpg?imwidth=392,"2,45 €",Grasas 25g de las cuales saturadas 11g Hidratos de Carbono 66g de los cuales azúcares 37g Fibra alimentaria 1.7g Proteínas 6g Sal 0.6g,No disponible,"(10,89 €/KILO)"
Galletas rellenas de chocolate estrellas Principe caja 225 g,https://www.dia.es/galletas-bollos-y-cereales/galletas/p/100267,https://www.dia.es/product_images/100267/100267_ISO_0_ES.jpg?imwidth=392,"2,45 €",Grasas 24g de las cuales saturadas 11g Hidratos de Carbono 64g de los cuales azúcares 36g Fibra alimentaria 2.1g Proteínas 6g Sal 0.58g,No disponible,"(10,89 €/KILO)"
Galletas saladas Snack Maniac de Dia bolsa 200 g,https://www.dia.es/galletas-bollos-y-cereales/galletas-saladas/p/301995,https://www.dia.es/product_images/301995/301995_ISO_0_ES.jpg?imwidth=392,"0,95 €",Grasas 26g de las cuales saturadas 2.8g Hidratos de Carbono 60g de los cuales azúcares 8.7g Proteínas 6.5g Sal 2g,No disponible,"(4,75 €/KILO)"
Galletas crackers saladas Snack Maniac de Dia bolsa 300 g,https://www.dia.es/galletas-bollos-y-cereales/galletas-saladas/p/30330,https://www.dia.es/product_images/30330/30330_ISO_0_ES.jpg?imwidth=392,"1,29 €",Grasas 20g de las cuales saturadas 2g Hidratos de Carbono 67g de los cuales azúcares 5.2g Proteínas 7.3g Sal 1.4g,No disponible,"(4,30 €/KILO)"
Crackers Tuc bolsa 100 g,https://www.dia.es/galletas-bollos-y-cereales/galletas-saladas/p/64411,https://www.dia.es/product_images/64411/64411_ISO_0_ES.jpg?imwidth=392,"1,23 €",Grasas 19g de las cuales saturadas 9g Hidratos de Carbono 67g de los cuales azúcares 7.1g Fibra alimentaria 2.4g Proteínas 8.3g Sal 1.7g,No disponible,"(12,30 €/KILO)"
Galletas crackers con sal Gran pavesi bolsa 250 g,https://www.dia.es/galletas-bollos-y-cereales/galletas-saladas/p/251045,https://www.dia.es/product_images/251045/251045_ISO_0_ES.jpg?imwidth=392,"2,39 €",Grasas 14g de las cuales saturadas 2.6g Hidratos de Carbono 66.2g de los cuales azúcares 3g Proteínas 10g,No disponible,"(9,56 €/KILO)"
Galletas saladas con aceite de oliva virgen extra Biscuits Galicia bolsa 200 g,https://www.dia.es/galletas-bollos-y-cereales/galletas-saladas/p/291364,https://www.dia.es/product_images/291364/291364_ISO_0_ES.jpg?imwidth=392,"1,85 €",Grasas 9.3g de las cuales saturadas 1.3g Hidratos de Carbono 66g de los cuales azúcares 2.9g Proteínas 9.4g Sal 0.73g,No disponible,"(9,25 €/KILO)"
Pan de leche El molino de Dia bolsa 350 g,https://www.dia.es/galletas-bollos-y-cereales/bolleria/p/288023,https://www.dia.es/product_images/288023/288023_ISO_0_ES.jpg?imwidth=392,"1,00 €",Grasas 11g de las cuales saturadas 2.3g Hidratos de Carbono 51g de los cuales azúcares 11g Proteínas 8.5g Sal 1.4g,No disponible,"(2,86 €/KILO)"
Croissants rellenos de cacao y avellanas El molino de Dia bolsa 315 g,https://www.dia.es/galletas-bollos-y-cereales/bolleria/p/288022,https://www.dia.es/product_images/288022/288022_ISO_0_ES.jpg?imwidth=392,"1,55 €",Grasas 31g de las cuales saturadas 15g Hidratos de Carbono 50g de los cuales azúcares 26g Fibra alimentaria 5.5g Proteínas 5.5g Sal 0.63g,No disponible,"(4,92 €/KILO)"
Magdalenas clásicas El molino de Dia bolsa 515 g,https://www.dia.es/galletas-bollos-y-cereales/bolleria/p/288020,https://www.dia.es/product_images/288020/288020_ISO_0_ES.jpg?imwidth=392,"1,99 €",Grasas 27g de las cuales saturadas 6.6g Hidratos de Carbono 49g de los cuales azúcares 25g Fibra alimentaria 5.2g Proteínas 5.2g Sal 0.98g,No disponible,"(3,86 €/KILO)"
Bocaditos de cacao Mandul bolsa 210 g,https://www.dia.es/galletas-bollos-y-cereales/bolleria/p/291299,https://www.dia.es/product_images/291299/291299_ISO_0_ES.jpg?imwidth=392,"1,00 €",No disponible,No disponible,"(4,76 €/KILO)"
Sobaos El molino de Dia bolsa 350 g,https://www.dia.es/galletas-bollos-y-cereales/bolleria/p/54726,https://www.dia.es/product_images/54726/54726_ISO_0_ES.jpg?imwidth=392,"1,00 €",Grasas 22.1g de las cuales saturadas 7.9g Hidratos de Carbono 53g de los cuales azúcares 24.1g Proteínas 5.3g Sal 0.71g,No disponible,"(2,86 €/KILO)"
Croissants El molino de Dia bolsa 390 g,https://www.dia.es/galletas-bollos-y-cereales/bolleria/p/288021,https://www.dia.es/product_images/288021/288021_ISO_0_ES.jpg?imwidth=392,"1,68 €",Grasas 27g de las cuales saturadas 14g Hidratos de Carbono 46g de los cuales azúcares 11.8g Fibra alimentaria 6.6g Proteínas 6.6g Sal 0.75g,No disponible,"(4,31 €/KILO)"
Rosquillas glaseadas El molino de Dia caja 208 g,https://www.dia.es/galletas-bollos-y-cereales/bolleria/p/16103,https://www.dia.es/product_images/16103/16103_ISO_0_ES.jpg?imwidth=392,"1,69 €",Grasas 24g de las cuales saturadas 12g Hidratos de Carbono 42g de los cuales azúcares 16g Proteínas 5.4g Sal 0.94g,No disponible,"(8,13 €/KILO)"
Napolitanas rellenas de crema de cacao El molino de Dia bolsa 270 g,https://www.dia.es/galletas-bollos-y-cereales/bolleria/p/127308,https://www.dia.es/product_images/127308/127308_ISO_0_ES.jpg?imwidth=392,"1,31 €",Grasas 21.2g de las cuales saturadas 11.2g Hidratos de Carbono 43.5g de los cuales azúcares 22.8g Fibra alimentaria 6.2g Proteínas 6.2g Sal 0.78g,No disponible,"(4,85 €/KILO)"
Palmeritas El molino de Dia bandeja 245 g,https://www.dia.es/galletas-bollos-y-cereales/bolleria/p/82569,https://www.dia.es/product_images/82569/82569_ISO_0_ES.jpg?imwidth=392,"1,59 €",Grasas 32g de las cuales saturadas 16.5g Hidratos de Carbono 57.8g de los cuales azúcares 25.8g Fibra alimentaria 4.6g Proteínas 4.6g Sal 0.78g,No disponible,"(6,49 €/KILO)"
Hojaldre de Astorga El molino de Dia bandeja 180 g,https://www.dia.es/galletas-bollos-y-cereales/bolleria/p/287689,https://www.dia.es/product_images/287689/287689_ISO_0_ES.jpg?imwidth=392,"1,00 €",Grasas 15g de las cuales saturadas 7g Hidratos de Carbono 63g de los cuales azúcares 42g Fibra alimentaria 3.3g Proteínas 3.3g Sal 0.52g,No disponible,"(5,56 €/KILO)"
Rosquillas de chocolate El molino de Dia bandeja 240 g,https://www.dia.es/galletas-bollos-y-cereales/bolleria/p/88697,https://www.dia.es/product_images/88697/88697_ISO_0_ES.jpg?imwidth=392,"1,79 €",Grasas 29g de las cuales saturadas 18g Hidratos de Carbono 42g de los cuales azúcares 12g Proteínas 6.7g Sal 0.44g,No disponible,"(7,46 €/KILO)"
Sobaos pequeños El molino de Dia bolsa 340 g,https://www.dia.es/galletas-bollos-y-cereales/bolleria/p/220229,https://www.dia.es/product_images/220229/220229_ISO_0_ES.jpg?imwidth=392,"1,35 €",Grasas 23.1g de las cuales saturadas 8.6g Hidratos de Carbono 53g de los cuales azúcares 28.2g Proteínas 4.9g Sal 0.65g,No disponible,"(3,97 €/KILO)"
Magdalenas valencianas El molino de Dia bolsa 350 g,https://www.dia.es/galletas-bollos-y-cereales/bolleria/p/105304,https://www.dia.es/product_images/105304/105304_ISO_0_ES.jpg?imwidth=392,"1,39 €",Grasas 21g de las cuales saturadas 2.6g Hidratos de Carbono 55g de los cuales azúcares 27g Proteínas 5.4g Sal 0.85g,No disponible,"(3,97 €/KILO)"
Briochoco con pepitas de chocolate Dulcesol bolsa 160 g,https://www.dia.es/galletas-bollos-y-cereales/bolleria/p/271497,https://www.dia.es/product_images/271497/271497_ISO_0_ES.jpg?imwidth=392,"1,00 €",Grasas 20g de las cuales saturadas 9.9g Hidratos de Carbono 51g de los cuales azúcares 18g Fibra alimentaria 2.4g Proteínas 7.2g Sal 0.63g,No disponible,"(6,25 €/KILO)"
Mini croissants con cacao El molino de Dia bolsa 150 g,https://www.dia.es/galletas-bollos-y-cereales/bolleria/p/222838,https://www.dia.es/product_images/222838/222838_ISO_0_ES.jpg?imwidth=392,"1,19 €",Grasas 29g de las cuales saturadas 18g Hidratos de Carbono 50g de los cuales azúcares 21g Proteínas 6.3g Sal 0.65g,No disponible,"(7,93 €/KILO)"
Ensaimadas El molino de Dia bolsa 220 g,https://www.dia.es/galletas-bollos-y-cereales/bolleria/p/87066,https://www.dia.es/product_images/87066/87066_ISO_0_ES.jpg?imwidth=392,"1,19 €",Grasas 25g de las cuales saturadas 13g Hidratos de Carbono 51g de los cuales azúcares 17g Fibra alimentaria 6.8g Proteínas 6.8g Sal 0.92g,No disponible,"(5,41 €/KILO)"
Flaminguitos rosas rellenos de crema con leche Dulcesol bolsa 150 g,https://www.dia.es/galletas-bollos-y-cereales/bolleria/p/303756,https://www.dia.es/product_images/303756/303756_ISO_0_ES.jpg?imwidth=392,"1,00 €",Grasas 23g de las cuales saturadas 10g Hidratos de Carbono 56g de los cuales azúcares 35g Fibra alimentaria 1g Proteínas 4.1g Sal 0.63g,No disponible,"(6,67 €/KILO)"
Mini brownies de chocolate Dulcesol bolsa 125 g,https://www.dia.es/galletas-bollos-y-cereales/bolleria/p/293030,https://www.dia.es/product_images/293030/293030_ISO_0_ES.jpg?imwidth=392,"1,00 €",Grasas 24g de las cuales saturadas 4g Hidratos de Carbono 51g de los cuales azúcares 38g Fibra alimentaria 3g Proteínas 5.5g Sal 0.25g,No disponible,"(8,00 €/KILO)"
Caña rellena de crema bañada en cacao Dulcesol bolsa 153 g,https://www.dia.es/galletas-bollos-y-cereales/bolleria/p/271501,https://www.dia.es/product_images/271501/271501_ISO_0_ES.jpg?imwidth=392,"1,00 €",Grasas 21g de las cuales saturadas 14g Hidratos de Carbono 55g de los cuales azúcares 32g Fibra alimentaria 3.2g Proteínas 3.4g Sal 0.4g,No disponible,"(6,54 €/KILO)"
Rosquillas de azúcar Pelayo bolsa 250 g,https://www.dia.es/galletas-bollos-y-cereales/bolleria/p/279899,https://www.dia.es/product_images/279899/279899_ISO_0_ES.jpg?imwidth=392,"1,49 €",Grasas 32.5g de las cuales saturadas 4g Hidratos de Carbono 46g de los cuales azúcares 20.9g Fibra alimentaria 2.4g Proteínas 5.2g Sal 0.82g,No disponible,"(5,96 €/KILO)"
Palitos de pan y crema de cacao Bollycao vaso 52 g,https://www.dia.es/galletas-bollos-y-cereales/bolleria/p/907,https://www.dia.es/product_images/907/907_ISO_0_ES.jpg?imwidth=392,"1,99 €",Grasas 20g de las cuales saturadas 7.5g Hidratos de Carbono 64g de los cuales azúcares 36g Fibra alimentaria 2.5g Proteínas 7.7g Sal 0.55g,No disponible,"(38,27 €/KILO)"
Berlinas bombón Donuts bandeja 4 unidades 220 g,https://www.dia.es/galletas-bollos-y-cereales/bolleria/p/903,https://www.dia.es/product_images/903/903_ISO_0_ES.jpg?imwidth=392,"2,99 €",Grasas 31g de las cuales saturadas 21g Hidratos de Carbono 42g de los cuales azúcares 18g Fibra alimentaria 2.8g Proteínas 6.3g Sal 0.4g,No disponible,"(13,59 €/KILO)"
Conchas de chocolate Codan bolsa 330 g,https://www.dia.es/galletas-bollos-y-cereales/bolleria/p/89469,https://www.dia.es/product_images/89469/89469_ISO_0_ES.jpg?imwidth=392,"2,25 €",Grasas 28g de las cuales saturadas 13g Hidratos de Carbono 54g de los cuales azúcares 33g Proteínas 4.3g Sal 0.71g,No disponible,"(6,82 €/KILO)"
Magdalenas rellenas con crema de cacao El molino de Dia bolsa 336 g,https://www.dia.es/galletas-bollos-y-cereales/bolleria/p/86108,https://www.dia.es/product_images/86108/86108_ISO_0_ES.jpg?imwidth=392,"1,69 €",Grasas 23g de las cuales saturadas 4.9g Hidratos de Carbono 55g de los cuales azúcares 32g Proteínas 4.2g Sal 0.8g,No disponible,"(5,03 €/KILO)"
Rosquillas clásicas Donettes bandeja 152 g,https://www.dia.es/galletas-bollos-y-cereales/bolleria/p/65834,https://www.dia.es/product_images/65834/65834_ISO_0_ES.jpg?imwidth=392,"2,85 €",Grasas 26g de las cuales saturadas 16g Hidratos de Carbono 49g de los cuales azúcares 28g Fibra alimentaria 2g Proteínas 5.7g Sal 0.83g,No disponible,"(16,19 €/KILO)"
Mini bollitos de cacao rellenos de crema Phoskitos caja 130 g,https://www.dia.es/galletas-bollos-y-cereales/bolleria/p/62164,https://www.dia.es/product_images/62164/62164_ISO_0_ES.jpg?imwidth=392,"2,99 €",Grasas 18g de las cuales saturadas 12g Hidratos de Carbono 61g de los cuales azúcares 34g Fibra alimentaria 2.5g Proteínas 5.2g Sal 0.23g,No disponible,"(23,00 €/KILO)"
Bizcochos con huevo Galleteca de Dia bolsa 400 g,https://www.dia.es/galletas-bollos-y-cereales/bolleria/p/5543,https://www.dia.es/product_images/5543/5543_ISO_0_ES.jpg?imwidth=392,"1,65 €",Grasas 3.3g de las cuales saturadas 0.8g Hidratos de Carbono 76g de los cuales azúcares 44g Fibra alimentaria 2g Proteínas 9g Sal 0.55g,No disponible,"(4,13 €/KILO)"
Bollitos rellenos de leche Phoskitos caja 160 g,https://www.dia.es/galletas-bollos-y-cereales/bolleria/p/43712,https://www.dia.es/product_images/43712/43712_ISO_0_ES.jpg?imwidth=392,"2,99 €",Grasas 17g de las cuales saturadas 11g Hidratos de Carbono 59g de los cuales azúcares 34g Fibra alimentaria 2.5g Proteínas 5.3g Sal 0.21g,No disponible,"(18,69 €/KILO)"
Brazo relleno de fresa El molino de Dia bolsa 300 g,https://www.dia.es/galletas-bollos-y-cereales/bolleria/p/42843,https://www.dia.es/product_images/42843/42843_ISO_0_ES.jpg?imwidth=392,"1,79 €",Grasas 8.6g de las cuales saturadas 4.3g Hidratos de Carbono 69g de los cuales azúcares 39g Proteínas 3.7g Sal 0.47g,No disponible,"(5,97 €/KILO)"
Berlinas glacé Donuts bandeja 4 unidades 208 g,https://www.dia.es/galletas-bollos-y-cereales/bolleria/p/38177,https://www.dia.es/product_images/38177/38177_ISO_0_ES.jpg?imwidth=392,"2,99 €",Grasas 17g de las cuales saturadas 9.3g Hidratos de Carbono 38g de los cuales azúcares 24g Fibra alimentaria 1.4g Proteínas 5.5g Sal 1g,No disponible,"(14,38 €/KILO)"
Pan de leche La bella easo bolsa 350 g,https://www.dia.es/galletas-bollos-y-cereales/bolleria/p/34772,https://www.dia.es/product_images/34772/34772_ISO_0_ES.jpg?imwidth=392,"3,29 €",Grasas 12g de las cuales saturadas 6.1g Hidratos de Carbono 51g de los cuales azúcares 14g Fibra alimentaria 2.6g Proteínas 9.5g Sal 0.9g,No disponible,"(9,40 €/KILO)"
Lunas de cacao Dulcesol bolsa 132 g,https://www.dia.es/galletas-bollos-y-cereales/bolleria/p/303757,https://www.dia.es/product_images/303757/303757_ISO_0_ES.jpg?imwidth=392,"1,00 €",Grasas 29g de las cuales saturadas 11g Hidratos de Carbono 55g de los cuales azúcares 33g Fibra alimentaria 2.2g Proteínas 5.1g Sal 0.75g,No disponible,"(7,58 €/KILO)"
Chapelas extracao Dulcesol bolsa 135 g,https://www.dia.es/galletas-bollos-y-cereales/bolleria/p/303755,https://www.dia.es/product_images/303755/303755_ISO_0_ES.jpg?imwidth=392,"1,00 €",No disponible,No disponible,"(7,41 €/KILO)"
Rosquillas de azúcar El cateto bolsa 260 g,https://www.dia.es/galletas-bollos-y-cereales/bolleria/p/303687,https://www.dia.es/product_images/303687/303687_ISO_0_ES.jpg?imwidth=392,"1,79 €",No disponible,No disponible,"(6,88 €/KILO)"
Torta de yogur Mandul caja 350 g,https://www.dia.es/galletas-bollos-y-cereales/bolleria/p/303678,https://www.dia.es/product_images/303678/303678_ISO_0_ES.jpg?imwidth=392,"2,99 €",No disponible,No disponible,"(8,54 €/KILO)"
Mini muffins con chips de chocolate bolsa 225 g,https://www.dia.es/galletas-bollos-y-cereales/bolleria/p/303561,https://www.dia.es/product_images/303561/303561_ISO_0_ES.jpg?imwidth=392,"1,99 €",Grasas 25g de las cuales saturadas 3.6g Hidratos de Carbono 43g de los cuales azúcares 27g Proteínas 5.3g Sal 0.69g,No disponible,"(8,84 €/KILO)"
Surtido de brownies sweet moments Mr.brownie caja 300 g,https://www.dia.es/galletas-bollos-y-cereales/bolleria/p/303560,https://www.dia.es/product_images/303560/303560_ISO_0_ES.jpg?imwidth=392,"2,99 €",No disponible,No disponible,"(9,97 €/KILO)"
Magdalenas sin gluten El molino de Dia bolsa 160 g,https://www.dia.es/galletas-bollos-y-cereales/bolleria/p/303498,https://www.dia.es/product_images/303498/303498_ISO_0_ES.jpg?imwidth=392,"1,79 €",Grasas 24g de las cuales saturadas 3g Hidratos de Carbono 56g de los cuales azúcares 26g Proteínas 2.9g Sal 0.91g,No disponible,"(11,19 €/KILO)"
Muffin de vainilla con chocolate Paw Patrol Nickelodeon bolsa 65 g,https://www.dia.es/galletas-bollos-y-cereales/bolleria/p/303164,https://www.dia.es/product_images/303164/303164_ISO_0_ES.jpg?imwidth=392,"1,00 €",No disponible,No disponible,"(15,38 €/KILO)"
Bizcochito con pepitas de chocolate lulú Fontaneda caja 150 g,https://www.dia.es/galletas-bollos-y-cereales/bolleria/p/303088,https://www.dia.es/product_images/303088/303088_ISO_0_ES.jpg?imwidth=392,"2,09 €",Grasas 23g de las cuales saturadas 11g Hidratos de Carbono 53g de los cuales azúcares 30g Fibra alimentaria 2.7g Proteínas 5.2g Sal 0.84g,No disponible,"(13,93 €/KILO)"
Vulcanitos sabor avellana Dulcesol bolsa 143 g,https://www.dia.es/galletas-bollos-y-cereales/bolleria/p/301842,https://www.dia.es/product_images/301842/301842_ISO_0_ES.jpg?imwidth=392,"1,00 €",No disponible,No disponible,"(6,99 €/KILO)"
Cortadillos con crema de cacao Inés Rosales bolsa 144 g,https://www.dia.es/galletas-bollos-y-cereales/bolleria/p/300877,https://www.dia.es/product_images/300877/300877_ISO_0_ES.jpg?imwidth=392,"1,99 €",Grasas 20g de las cuales saturadas 1.7g Hidratos de Carbono 56g de los cuales azúcares 26g Fibra alimentaria 5.4g Proteínas 3.9g Sal 0.04g,No disponible,"(13,82 €/KILO)"
Bizcocho con fruta confitada Mandul bolsa 180 g,https://www.dia.es/galletas-bollos-y-cereales/bolleria/p/300604,https://www.dia.es/product_images/300604/300604_ISO_0_ES.jpg?imwidth=392,"1,55 €",No disponible,No disponible,"(8,61 €/KILO)"
Palmeritas de cacao El molino de Dia bolsa 230 g,https://www.dia.es/galletas-bollos-y-cereales/bolleria/p/299880,https://www.dia.es/product_images/299880/299880_ISO_0_ES.jpg?imwidth=392,"2,09 €",Grasas 36.1g de las cuales saturadas 23.7g Hidratos de Carbono 52.9g de los cuales azúcares 28.8g Proteínas 4.5g Sal 0.64g,No disponible,"(9,09 €/KILO)"
Brownies Jr Brownie bolsa 200 g,https://www.dia.es/galletas-bollos-y-cereales/bolleria/p/299588,https://www.dia.es/product_images/299588/299588_ISO_0_ES.jpg?imwidth=392,"1,99 €",Grasas 25g de las cuales saturadas 3.6g Hidratos de Carbono 48g de los cuales azúcares 37g Proteínas 6.5g Sal 0.42g,No disponible,"(9,95 €/KILO)"
Magdalenas Artiach Dinosaurus caja 324 g,https://www.dia.es/galletas-bollos-y-cereales/bolleria/p/298943,https://www.dia.es/product_images/298943/298943_ISO_0_ES.jpg?imwidth=392,"3,00 €",Grasas 17g de las cuales saturadas 2.2g Hidratos de Carbono 52g de los cuales azúcares 23g Fibra alimentaria 1.7g Proteínas 6.3g Sal 0.7g,No disponible,"(9,26 €/KILO)"
Rondo de chocolate Mandul bolsa 400 g,https://www.dia.es/galletas-bollos-y-cereales/bolleria/p/297957,https://www.dia.es/product_images/297957/297957_ISO_0_ES.jpg?imwidth=392,"3,15 €",No disponible,No disponible,"(7,88 €/KILO)"
Bocaditos Dulcesol bolsa 243 g,https://www.dia.es/galletas-bollos-y-cereales/bolleria/p/297799,https://www.dia.es/product_images/297799/297799_ISO_0_ES.jpg?imwidth=392,"1,55 €",Grasas 24g de las cuales saturadas 3.3g Hidratos de Carbono 48g de los cuales azúcares 21g Fibra alimentaria 0.9g Proteínas 6g Sal 0.8g,No disponible,"(6,38 €/KILO)"
Rollitos con chocolate Fontaneda caja 150 g,https://www.dia.es/galletas-bollos-y-cereales/bolleria/p/296599,https://www.dia.es/product_images/296599/296599_ISO_0_ES.jpg?imwidth=392,"2,50 €",Grasas 18g de las cuales saturadas 6.4g Hidratos de Carbono 55g de los cuales azúcares 38g Fibra alimentaria 2.3g Proteínas 5.4g Sal 0.49g,No disponible,"(16,67 €/KILO)"
Vigalitos de mantequilla rayados Pastiñam bandeja 120 g,https://www.dia.es/galletas-bollos-y-cereales/bolleria/p/295858,https://www.dia.es/product_images/295858/295858_ISO_0_ES.jpg?imwidth=392,"1,00 €",No disponible,No disponible,"(8,33 €/KILO)"
Magdalenas concha mármol Arenas bolsa 165 g,https://www.dia.es/galletas-bollos-y-cereales/bolleria/p/295037,https://www.dia.es/product_images/295037/295037_ISO_0_ES.jpg?imwidth=392,"1,19 €",No disponible,No disponible,"(7,21 €/KILO)"
Delicias de coco El cateto blister 192 g,https://www.dia.es/galletas-bollos-y-cereales/bolleria/p/294989,https://www.dia.es/product_images/294989/294989_ISO_0_ES.jpg?imwidth=392,"1,95 €",No disponible,No disponible,"(10,16 €/KILO)"
Rondo clásico de naranja Mandul bolsa 400 g,https://www.dia.es/galletas-bollos-y-cereales/bolleria/p/291300,https://www.dia.es/product_images/291300/291300_ISO_0_ES.jpg?imwidth=392,"2,79 €",No disponible,No disponible,"(6,98 €/KILO)"
Croissants rellenos de cacao y avellanas Dulca bolsa 320 g,https://www.dia.es/galletas-bollos-y-cereales/bolleria/p/288730,https://www.dia.es/product_images/288730/288730_ISO_0_ES.jpg?imwidth=392,"2,19 €",No disponible,No disponible,"(6,84 €/KILO)"
Crêpes rellenos de cacao Oh la france bolsa 192 g,https://www.dia.es/galletas-bollos-y-cereales/bolleria/p/288720,https://www.dia.es/product_images/288720/288720_ISO_0_ES.jpg?imwidth=392,"1,85 €",Grasas 21g de las cuales saturadas 5.1g Hidratos de Carbono 59g de los cuales azúcares 37g Proteínas 6.8g Sal 0.78g,No disponible,"(9,64 €/KILO)"
Lazos hojaldre de azúcar Virgen del Brezo bolsa 180 g,https://www.dia.es/galletas-bollos-y-cereales/bolleria/p/287873,https://www.dia.es/product_images/287873/287873_ISO_0_ES.jpg?imwidth=392,"1,55 €",Grasas 35g de las cuales saturadas 18g Hidratos de Carbono 54g de los cuales azúcares 23g Proteínas 5.1g Sal 0.81g,No disponible,"(8,61 €/KILO)"
Gofre de azúcar El molino de Dia bolsa 330 g,https://www.dia.es/galletas-bollos-y-cereales/bolleria/p/287741,https://www.dia.es/product_images/287741/287741_ISO_0_ES.jpg?imwidth=392,"2,35 €",Grasas 24.2g de las cuales saturadas 11.7g Hidratos de Carbono 53g de los cuales azúcares 24g Proteínas 6g Sal 0.85g,No disponible,"(7,12 €/KILO)"
Brownies de chocolate El molino de Dia bolsa 200 g,https://www.dia.es/galletas-bollos-y-cereales/bolleria/p/287740,https://www.dia.es/product_images/287740/287740_ISO_0_ES.jpg?imwidth=392,"1,79 €",Grasas 25g de las cuales saturadas 4.1g Hidratos de Carbono 55g de los cuales azúcares 46g Proteínas 5.5g Sal 0.41g,No disponible,"(8,95 €/KILO)"
Rollos con naranja El molino de Dia bolsa 420 g,https://www.dia.es/galletas-bollos-y-cereales/bolleria/p/287739,https://www.dia.es/product_images/287739/287739_ISO_0_ES.jpg?imwidth=392,"2,99 €",Grasas 17g de las cuales saturadas 2.1g Hidratos de Carbono 66g de los cuales azúcares 29g Proteínas 8.3g Sal 0.38g,No disponible,"(7,12 €/KILO)"
Mini magdalenas rellena de chocolate El molino de Dia bolsa 180 g,https://www.dia.es/galletas-bollos-y-cereales/bolleria/p/287738,https://www.dia.es/product_images/287738/287738_ISO_0_ES.jpg?imwidth=392,"1,15 €",Grasas 13.3g de las cuales saturadas 3.6g Hidratos de Carbono 60.1g de los cuales azúcares 37.8g Fibra alimentaria 4.3g Proteínas 4.3g Sal 0.01g,No disponible,"(6,39 €/KILO)"
Plum cake integral de frutas y pasas Repostería porta bolsa 180 g,https://www.dia.es/galletas-bollos-y-cereales/bolleria/p/285937,https://www.dia.es/product_images/285937/285937_ISO_0_ES.jpg?imwidth=392,"1,69 €",No disponible,No disponible,"(9,39 €/KILO)"
Croissants rellenos de crema de cacao La bella easo bolsa 378 g,https://www.dia.es/galletas-bollos-y-cereales/bolleria/p/283306,https://www.dia.es/product_images/283306/283306_ISO_0_ES.jpg?imwidth=392,"3,29 €",Grasas 29g de las cuales saturadas 12g Hidratos de Carbono 48g de los cuales azúcares 21g Fibra alimentaria 3.3g Proteínas 6.2g Sal 0.41g,No disponible,"(9,14 €/KILO)"
Mini palmeritas al cacao Virgen del Brezo bolsa 175 g,https://www.dia.es/galletas-bollos-y-cereales/bolleria/p/282311,https://www.dia.es/product_images/282311/282311_ISO_0_ES.jpg?imwidth=392,"2,09 €",No disponible,No disponible,"(11,94 €/KILO)"
Mini palmeritas de hojaldre Virgen del Brezo bolsa 140 g,https://www.dia.es/galletas-bollos-y-cereales/bolleria/p/282310,https://www.dia.es/product_images/282310/282310_ISO_0_ES.jpg?imwidth=392,"1,85 €",No disponible,No disponible,"(13,21 €/KILO)"
Tortitas Brioche Pasquier bolsa 280 g,https://www.dia.es/galletas-bollos-y-cereales/bolleria/p/279788,https://www.dia.es/product_images/279788/279788_ISO_0_ES.jpg?imwidth=392,"2,99 €",Grasas 15g de las cuales saturadas 2.3g Hidratos de Carbono 47g de los cuales azúcares 25g Fibra alimentaria 1.4g Proteínas 5.8g Sal 1.4g,No disponible,"(10,68 €/KILO)"
Bizcocho de naranja con chocolate El molino de Dia bolsa 350 g,https://www.dia.es/galletas-bollos-y-cereales/bolleria/p/275656,https://www.dia.es/product_images/275656/275656_ISO_0_ES.jpg?imwidth=392,"2,39 €",Grasas 20.6g de las cuales saturadas 3.9g Hidratos de Carbono 50g de los cuales azúcares 29.4g Proteínas 4.5g Sal 0.82g,No disponible,"(6,83 €/KILO)"
Chapelas pinky Dulcesol bolsa 135 g,https://www.dia.es/galletas-bollos-y-cereales/bolleria/p/271507,https://www.dia.es/product_images/271507/271507_ISO_0_ES.jpg?imwidth=392,"1,00 €",Grasas 20g de las cuales saturadas 16g Hidratos de Carbono 64g de los cuales azúcares 39g Fibra alimentaria 1g Proteínas 2.9g Sal 0.43g,No disponible,"(7,41 €/KILO)"
Bombón zebra relleno de cacao Dulcesol bolsa 120 g,https://www.dia.es/galletas-bollos-y-cereales/bolleria/p/271505,https://www.dia.es/product_images/271505/271505_ISO_0_ES.jpg?imwidth=392,"1,00 €",Grasas 29g de las cuales saturadas 12g Hidratos de Carbono 53g de los cuales azúcares 34g Fibra alimentaria 1.1g Proteínas 4.5g Sal 0.43g,No disponible,"(8,33 €/KILO)"
Cuadrados rellenos de cacao Dulcesol bolsa 171 g,https://www.dia.es/galletas-bollos-y-cereales/bolleria/p/271504,https://www.dia.es/product_images/271504/271504_ISO_0_ES.jpg?imwidth=392,"1,00 €",Grasas 14g de las cuales saturadas 8.9g Hidratos de Carbono 64g de los cuales azúcares 37g Fibra alimentaria 1.4g Proteínas 3.2g Sal 0.43g,No disponible,"(5,85 €/KILO)"
Chapelas zebra Dulcesol bolsa 180 g,https://www.dia.es/galletas-bollos-y-cereales/bolleria/p/271503,https://www.dia.es/product_images/271503/271503_ISO_0_ES.jpg?imwidth=392,"1,00 €",Grasas 20g de las cuales saturadas 16g Hidratos de Carbono 64g de los cuales azúcares 39g Fibra alimentaria 1g Proteínas 2.9g Sal 0.43g,No disponible,"(5,56 €/KILO)"
Bracitos rellenos de nata Dulcesol bolsa 120 g,https://www.dia.es/galletas-bollos-y-cereales/bolleria/p/271500,https://www.dia.es/product_images/271500/271500_ISO_0_ES.jpg?imwidth=392,"1,00 €",Grasas 10g de las cuales saturadas 5g Hidratos de Carbono 66g de los cuales azúcares 37g Fibra alimentaria 0.8g Proteínas 2.9g Sal 0.5g,No disponible,"(8,33 €/KILO)"
Bracitos de cacao rellenos de trufa Dulcesol bolsa 140 g,https://www.dia.es/galletas-bollos-y-cereales/bolleria/p/271496,https://www.dia.es/product_images/271496/271496_ISO_0_ES.jpg?imwidth=392,"1,00 €",Grasas 18g de las cuales saturadas 12g Hidratos de Carbono 61g de los cuales azúcares 37g Fibra alimentaria 2.2g Proteínas 4g Sal 0.43g,No disponible,"(7,14 €/KILO)"
Cañas rellenas de crema Dulcesol bolsa 150 g,https://www.dia.es/galletas-bollos-y-cereales/bolleria/p/271495,https://www.dia.es/product_images/271495/271495_ISO_0_ES.jpg?imwidth=392,"1,00 €",Grasas 14g de las cuales saturadas 7.6g Hidratos de Carbono 56g de los cuales azúcares 30g Fibra alimentaria 4g Proteínas 3.2g Sal 0.48g,No disponible,"(6,67 €/KILO)"
Tarta de manzana Dulcesol bolsa 135 g,https://www.dia.es/galletas-bollos-y-cereales/bolleria/p/271494,https://www.dia.es/product_images/271494/271494_ISO_0_ES.jpg?imwidth=392,"1,00 €",Grasas 19g de las cuales saturadas 11g Hidratos de Carbono 51g de los cuales azúcares 25g Fibra alimentaria 2.1g Proteínas 3.1g Sal 0.48g,No disponible,"(7,41 €/KILO)"
Pandorinos rellenos de cacao Dulcesol bolsa 135 g,https://www.dia.es/galletas-bollos-y-cereales/bolleria/p/271493,https://www.dia.es/product_images/271493/271493_ISO_0_ES.jpg?imwidth=392,"1,00 €",Grasas 14g de las cuales saturadas 2.4g Hidratos de Carbono 52g de los cuales azúcares 23g Fibra alimentaria 2.3g Proteínas 7.1g Sal 0.65g,No disponible,"(7,41 €/KILO)"
Chapelas de cacao Dulcesol bolsa 135 g,https://www.dia.es/galletas-bollos-y-cereales/bolleria/p/271492,https://www.dia.es/product_images/271492/271492_ISO_0_ES.jpg?imwidth=392,"1,00 €",Grasas 19g de las cuales saturadas 14g Hidratos de Carbono 61g de los cuales azúcares 46g Fibra alimentaria 2.5g Proteínas 3.8g Sal 0.4g,No disponible,"(7,41 €/KILO)"
Pastelitos rellenos y recubiertos de chocolate choc & choc Milka 175 g,https://www.dia.es/galletas-bollos-y-cereales/bolleria/p/270807,https://www.dia.es/product_images/270807/270807_ISO_0_ES.jpg?imwidth=392,"2,85 €",Grasas 22g de las cuales saturadas 7.9g Hidratos de Carbono 58g de los cuales azúcares 40g Fibra alimentaria 1.6g Proteínas 5.6g Sal 0.58g,No disponible,"(16,29 €/KILO)"
Bizcocho de mármol El molino de Dia bolsa 350 g,https://www.dia.es/galletas-bollos-y-cereales/bolleria/p/248525,https://www.dia.es/product_images/248525/248525_ISO_0_ES.jpg?imwidth=392,"1,99 €",Grasas 25.4g de las cuales saturadas 7.3g Hidratos de Carbono 55.3g de los cuales azúcares 26.7g Fibra alimentaria 4.6g Proteínas 5.6g Sal 0.59g,No disponible,"(5,69 €/KILO)"
Bizcocho relleno con leche tender Milka caja 185 g,https://www.dia.es/galletas-bollos-y-cereales/bolleria/p/238374,https://www.dia.es/product_images/238374/238374_ISO_0_ES.jpg?imwidth=392,"3,15 €",No disponible,No disponible,"(17,03 €/KILO)"
Choco brownie Milka caja 150 g,https://www.dia.es/galletas-bollos-y-cereales/bolleria/p/238064,https://www.dia.es/product_images/238064/238064_ISO_0_ES.jpg?imwidth=392,"2,85 €",Grasas 27g de las cuales saturadas 12g Hidratos de Carbono 50g de los cuales azúcares 38g Fibra alimentaria 1.7g Proteínas 5g Sal 0.38g,No disponible,"(19,00 €/KILO)"
Bizcochitos rellenos de leche y chocolate Cuétara Tostarica caja 160 g,https://www.dia.es/galletas-bollos-y-cereales/bolleria/p/226662,https://www.dia.es/product_images/226662/226662_ISO_0_ES.jpg?imwidth=392,"2,99 €",Grasas 16g de las cuales saturadas 9g Hidratos de Carbono 57g de los cuales azúcares 29g Fibra alimentaria 2.5g Proteínas 6g Sal 0.25g Calcio 120mg Hierro 4.5mg Niacina 9µg Tiamina 0.5mg,No disponible,"(18,69 €/KILO)"
Magdalenas con mantequilla La abuela bolsa 450 g,https://www.dia.es/galletas-bollos-y-cereales/bolleria/p/216799,https://www.dia.es/product_images/216799/216799_ISO_0_ES.jpg?imwidth=392,"2,65 €",Grasas 25g de las cuales saturadas 5.4g Hidratos de Carbono 46g de los cuales azúcares 29g Proteínas 6.9g Sal 0.85g,No disponible,"(5,89 €/KILO)"
Pastas artesanas de almendras Blanco bolsa 400 g,https://www.dia.es/galletas-bollos-y-cereales/bolleria/p/215450,https://www.dia.es/product_images/215450/215450_ISO_0_ES.jpg?imwidth=392,"2,45 €",Grasas 30.3g de las cuales saturadas 8.97g Hidratos de Carbono 58g de los cuales azúcares 18.6g Proteínas 7g Sal 0.2g,No disponible,"(6,13 €/KILO)"
Bollo relleno con crema de cacao El molino de Dia bolsa 240 g,https://www.dia.es/galletas-bollos-y-cereales/bolleria/p/208584,https://www.dia.es/product_images/208584/208584_ISO_0_ES.jpg?imwidth=392,"1,65 €",Grasas 17g de las cuales saturadas 5.5g Hidratos de Carbono 51g de los cuales azúcares 20g Proteínas 6.7g Sal 0.8g,No disponible,"(6,88 €/KILO)"
Tartitas con cacao sin gluten Dr. Schar bolsa 350 g,https://www.dia.es/galletas-bollos-y-cereales/bolleria/p/206422,https://www.dia.es/product_images/206422/206422_ISO_0_ES.jpg?imwidth=392,"4,29 €",Grasas 18g de las cuales saturadas 11g Hidratos de Carbono 59g de los cuales azúcares 36g Fibra alimentaria 1.1g Proteínas 5.3g Sal 0.42g,No disponible,"(12,26 €/KILO)"
Obleas bolsa 24 unidades,https://www.dia.es/galletas-bollos-y-cereales/bolleria/p/188865,https://www.dia.es/product_images/188865/188865_ISO_0_ES.jpg?imwidth=392,"2,45 €",Grasas 1.92g de las cuales saturadas 0.43g Hidratos de Carbono 86.96g de los cuales azúcares 19.3g Proteínas 8.07g Sal 0.01g,No disponible,"(0,10 €/UNIDAD)"
Magdalenas La abuela bolsa 496 g,https://www.dia.es/galletas-bollos-y-cereales/bolleria/p/188228,https://www.dia.es/product_images/188228/188228_ISO_0_ES.jpg?imwidth=392,"2,89 €",Grasas 21g de las cuales saturadas 3g Hidratos de Carbono 50g de los cuales azúcares 24g Proteínas 6g Sal 0.82g,No disponible,"(5,83 €/KILO)"
Rosquillas bolsa 275 g,https://www.dia.es/galletas-bollos-y-cereales/bolleria/p/187457,https://www.dia.es/product_images/187457/187457_ISO_0_ES.jpg?imwidth=392,"1,89 €",Grasas 18.5g de las cuales saturadas 2.4g Hidratos de Carbono 61.6g de los cuales azúcares 25.5g Proteínas 6.2g Sal 0.02g,No disponible,"(6,87 €/KILO)"
Sobaos Vega pas bolsa 450 g,https://www.dia.es/galletas-bollos-y-cereales/bolleria/p/187450,https://www.dia.es/product_images/187450/187450_ISO_0_ES.jpg?imwidth=392,"3,15 €",Grasas 24.5g de las cuales saturadas 4.3g Hidratos de Carbono 51.1g de los cuales azúcares 19.9g Proteínas 5.4g Sal 0.64g,No disponible,"(7,00 €/KILO)"
Mini rosquillas al cacao El molino de Dia bandeja 155 g,https://www.dia.es/galletas-bollos-y-cereales/bolleria/p/182645,https://www.dia.es/product_images/182645/182645_ISO_0_ES.jpg?imwidth=392,"1,69 €",Grasas 34g de las cuales saturadas 17g Hidratos de Carbono 47g de los cuales azúcares 26g Proteínas 4.7g Sal 0.68g,No disponible,"(10,90 €/KILO)"
Bizcocho con relleno con cacao y recubierto con chocolate Milka bolsa 150 g,https://www.dia.es/galletas-bollos-y-cereales/bolleria/p/182476,https://www.dia.es/product_images/182476/182476_ISO_0_ES.jpg?imwidth=392,"2,85 €",Grasas 24g de las cuales saturadas 15g Hidratos de Carbono 57g de los cuales azúcares 47g Fibra alimentaria 1.8g Proteínas 5.8g Sal 0.43g,No disponible,"(19,00 €/KILO)"
Bizcocho con pepitas de chocolate El molino de Dia bolsa 350 g,https://www.dia.es/galletas-bollos-y-cereales/bolleria/p/181669,https://www.dia.es/product_images/181669/181669_ISO_0_ES.jpg?imwidth=392,"2,45 €",Grasas 25.7g de las cuales saturadas 9.6g Hidratos de Carbono 47g de los cuales azúcares 22.1g Fibra alimentaria 4g Proteínas 6.4g Sal 1.2g,No disponible,"(7,00 €/KILO)"
Magdalenas valencianas Dulcesol bolsa 350 g,https://www.dia.es/galletas-bollos-y-cereales/bolleria/p/181257,https://www.dia.es/product_images/181257/181257_ISO_0_ES.jpg?imwidth=392,"2,19 €",Grasas 25g de las cuales saturadas 3.4g Hidratos de Carbono 52g de los cuales azúcares 28g Fibra alimentaria 1.3g Proteínas 5.4g Sal 0.7g,No disponible,"(6,26 €/KILO)"
Bizcochitos Bimbo Pantera Rosa bolsa 165 g,https://www.dia.es/galletas-bollos-y-cereales/bolleria/p/179614,https://www.dia.es/product_images/179614/179614_ISO_0_ES.jpg?imwidth=392,"2,45 €",Grasas 24g de las cuales saturadas 16g Hidratos de Carbono 54g de los cuales azúcares 38g Fibra alimentaria 0.7g Proteínas 3.7g Sal 1.1g,No disponible,"(15,31 €/KILO)"
Bizcochitos Bimbo Tigretón bolsa 150 g,https://www.dia.es/galletas-bollos-y-cereales/bolleria/p/179613,https://www.dia.es/product_images/179613/179613_ISO_0_ES.jpg?imwidth=392,"2,45 €",Grasas 13g de las cuales saturadas 9.4g Hidratos de Carbono 56g de los cuales azúcares 37g Fibra alimentaria 4.2g Proteínas 4.5g Sal 0.63g,No disponible,"(16,33 €/KILO)"
Bizcocho de limón El molino de Dia bolsa 350 g,https://www.dia.es/galletas-bollos-y-cereales/bolleria/p/179095,https://www.dia.es/product_images/179095/179095_ISO_0_ES.jpg?imwidth=392,"2,39 €",Grasas 21.6g de las cuales saturadas 6.7g Hidratos de Carbono 50.1g de los cuales azúcares 23.1g Proteínas 6.5g Sal 0.9g,No disponible,"(6,83 €/KILO)"
Tortas de aceite de oliva El molino de Dia bolsa 180 g,https://www.dia.es/galletas-bollos-y-cereales/bolleria/p/173904,https://www.dia.es/product_images/173904/173904_ISO_0_ES.jpg?imwidth=392,"1,25 €",Grasas 23.8g de las cuales saturadas 3.5g Hidratos de Carbono 61.6g de los cuales azúcares 15.5g Proteínas 5.5g Sal 1.3g,No disponible,"(6,94 €/KILO)"
Bizcocho relleno con chocolate cake & choc Milka caja 175 g,https://www.dia.es/galletas-bollos-y-cereales/bolleria/p/145706,https://www.dia.es/product_images/145706/145706_ISO_0_ES.jpg?imwidth=392,"2,85 €",Grasas 21g de las cuales saturadas 4.1g Hidratos de Carbono 56g de los cuales azúcares 30g Fibra alimentaria 1.4g Proteínas 5.5g Sal 0.57g,No disponible,"(16,29 €/KILO)"
Bizcochitos rellenos Cuétara Tostarica caja 125 g,https://www.dia.es/galletas-bollos-y-cereales/bolleria/p/144325,https://www.dia.es/product_images/144325/144325_ISO_0_ES.jpg?imwidth=392,"2,99 €",Grasas 14g de las cuales saturadas 8.1g Hidratos de Carbono 58g de los cuales azúcares 27g Fibra alimentaria 2.5g Proteínas 6.7g Sal 0.25g Calcio 120mg Hierro 5mg Niacina 9µg Riboflavinas 0.8mg Tiamina 0.4mg,No disponible,"(23,92 €/KILO)"
Gofre recubierto de cacao El molino de Dia bolsa 360 g,https://www.dia.es/galletas-bollos-y-cereales/bolleria/p/141611,https://www.dia.es/product_images/141611/141611_ISO_0_ES.jpg?imwidth=392,"2,55 €",Grasas 25.4g de las cuales saturadas 14.2g Hidratos de Carbono 53.5g de los cuales azúcares 27.9g Proteínas 5.9g Sal 0.78g,No disponible,"(7,08 €/KILO)"
Tortas de anís con aceite de oliva Inés Rosales bolsa 180 g,https://www.dia.es/galletas-bollos-y-cereales/bolleria/p/136186,https://www.dia.es/product_images/136186/136186_ISO_0_ES.jpg?imwidth=392,"2,20 €",Grasas 24g de las cuales saturadas 3.3g Hidratos de Carbono 61g de los cuales azúcares 17g Fibra alimentaria 3.6g Proteínas 6g Sal 0.32g,No disponible,"(12,22 €/KILO)"
Pan de leche Brioche Pasquier bolsa 280 g,https://www.dia.es/galletas-bollos-y-cereales/bolleria/p/124812,https://www.dia.es/product_images/124812/124812_ISO_0_ES.jpg?imwidth=392,"2,59 €",Grasas 10g de las cuales saturadas 2g Hidratos de Carbono 51g de los cuales azúcares 12g Fibra alimentaria 1.9g Proteínas 9.4g Sal 1.2g,No disponible,"(9,25 €/KILO)"
Berlinas fondant Donuts bandeja 4 unidades 228 g,https://www.dia.es/galletas-bollos-y-cereales/bolleria/p/121001,https://www.dia.es/product_images/121001/121001_ISO_0_ES.jpg?imwidth=392,"2,99 €",Grasas 25g de las cuales saturadas 14g Hidratos de Carbono 46g de los cuales azúcares 29g Fibra alimentaria 2.2g Proteínas 5.4g Sal 0.3g,No disponible,"(13,11 €/KILO)"
Magdalenas concha Arenas bolsa 300 g,https://www.dia.es/galletas-bollos-y-cereales/bolleria/p/119528,https://www.dia.es/product_images/119528/119528_ISO_0_ES.jpg?imwidth=392,"1,59 €",Grasas 20.5g de las cuales saturadas 3.6g Hidratos de Carbono 56.4g de los cuales azúcares 24.1g Fibra alimentaria 1g Proteínas 4.9g Sal 0.9g,No disponible,"(5,30 €/KILO)"
Bizcocho ositos lulú rellenos de chocolate Fontaneda caja 150 g,https://www.dia.es/galletas-bollos-y-cereales/bolleria/p/107385,https://www.dia.es/product_images/107385/107385_ISO_0_ES.jpg?imwidth=392,"2,09 €",Grasas 16g de las cuales saturadas 3.1g Hidratos de Carbono 60g de los cuales azúcares 31g Fibra alimentaria 1.8g Proteínas 5.3g Sal 0.6g,No disponible,"(13,93 €/KILO)"
Medias noches El molino de Dia bolsa 250 g,https://www.dia.es/galletas-bollos-y-cereales/bolleria/p/105305,https://www.dia.es/product_images/105305/105305_ISO_0_ES.jpg?imwidth=392,"1,89 €",Grasas 6.4g de las cuales saturadas 1.2g Hidratos de Carbono 55.7g de los cuales azúcares 6.4g Fibra alimentaria 10g Proteínas 10g Sal 0.95g,No disponible,"(7,56 €/KILO)"
Magdalenas cuadradas El molino de Dia bolsa 350 g,https://www.dia.es/galletas-bollos-y-cereales/bolleria/p/105303,https://www.dia.es/product_images/105303/105303_ISO_0_ES.jpg?imwidth=392,"1,59 €",Grasas 22g de las cuales saturadas 2.7g Hidratos de Carbono 33g de los cuales azúcares 26g Proteínas 4.8g Sal 1g,No disponible,"(4,54 €/KILO)"
Bollería con pepitas de chocolate con leche Weikis bolsa 240 g,https://www.dia.es/galletas-bollos-y-cereales/bolleria/p/100947,https://www.dia.es/product_images/100947/100947_ISO_0_ES.jpg?imwidth=392,"2,69 €",Grasas 14g de las cuales saturadas 3.6g Hidratos de Carbono 50g de los cuales azúcares 17g Fibra alimentaria 3.4g Proteínas 8.2g Sal 0.44g,No disponible,"(11,21 €/KILO)"
Copos de avena Gran Dia caja 500 g,https://www.dia.es/galletas-bollos-y-cereales/cereales/p/105429,https://www.dia.es/product_images/105429/105429_ISO_0_ES.jpg?imwidth=392,"0,95 €",Grasas 7g de las cuales saturadas 1.3g Hidratos de Carbono 58.7g de los cuales azúcares 0.7g Fibra alimentaria 10g Proteínas 13.5g Ácido Fólico 200µg Sal 0.02g Hierro 7mg Niacina 16µg Ácido pantoténico 6mg Riboflavinas 1mg Tiamina 1.1mg,No disponible,"(1,90 €/KILO)"
Cereales rellenos de leche Gran Dia caja 500 g,https://www.dia.es/galletas-bollos-y-cereales/cereales/p/111278,https://www.dia.es/product_images/111278/111278_ISO_0_ES.jpg?imwidth=392,"2,50 €",Grasas 16g de las cuales saturadas 4.5g Hidratos de Carbono 64g de los cuales azúcares 26g Fibra alimentaria 4.5g Proteínas 9.5g Ácido Fólico 200µg Sal 0.42g Hierro 7mg Niacina 16µg Ácido pantoténico 6mg,No disponible,"(5,00 €/KILO)"
Cereales rellenos con chocolate y avena Gran Dia caja 500 g,https://www.dia.es/galletas-bollos-y-cereales/cereales/p/37184,https://www.dia.es/product_images/37184/37184_ISO_0_ES.jpg?imwidth=392,"2,00 €",Grasas 12.8g de las cuales saturadas 4.1g Hidratos de Carbono 68g de los cuales azúcares 32.3g Fibra alimentaria 5.2g Proteínas 8.2g Ácido Fólico 200µg Sal 0.64g Hierro 7mg Niacina 16µg Ácido pantoténico 6mg,No disponible,"(4,00 €/KILO)"
Cereales copos de maíz corn flakes Gran Dia caja 500 g,https://www.dia.es/galletas-bollos-y-cereales/cereales/p/66956,https://www.dia.es/product_images/66956/66956_ISO_0_ES.jpg?imwidth=392,"1,45 €",Grasas 1.1g de las cuales saturadas 0.5g Hidratos de Carbono 84g de los cuales azúcares 7.1g Fibra alimentaria 6g Proteínas 6.3g Ácido Fólico 170µg Sal 1.8g Biotina 40µg Hierro 11.9mg Niacina 13.6µg Ácido pantoténico 5.1mg Riboflavinas 1.2mg Tiamina 0.9mg,No disponible,"(2,90 €/KILO)"
Cereales copos de arroz y trigo integral cubiertos de chocolate Gran Dia caja 300 g,https://www.dia.es/galletas-bollos-y-cereales/cereales/p/10545,https://www.dia.es/product_images/10545/10545_ISO_0_ES.jpg?imwidth=392,"1,88 €",Grasas 5.9g de las cuales saturadas 3.4g Hidratos de Carbono 75.4g de los cuales azúcares 27.9g Fibra alimentaria 4.7g Proteínas 7.3g Ácido Fólico 200µg Sal 1.32g Hierro 7mg Niacina 16µg Ácido pantoténico 6mg Riboflavinas 1.4mg Tiamina 1.1mg,No disponible,"(6,27 €/KILO)"
Cereales de pétalos de trigo y chocolate Gran Dia caja 500 g,https://www.dia.es/galletas-bollos-y-cereales/cereales/p/74306,https://www.dia.es/product_images/74306/74306_ISO_0_ES.jpg?imwidth=392,"1,90 €",Grasas 4.4g de las cuales saturadas 1g Hidratos de Carbono 75g de los cuales azúcares 24g Fibra alimentaria 6.4g Proteínas 9.1g Ácido Fólico 170µg Sal 0.34g Biotina 43µg Hierro 12mg Niacina 14µg Ácido pantoténico 5.1mg Riboflavinas 1.2mg Tiamina 0.9mg,No disponible,"(3,80 €/KILO)"
Muesli crujiente con chocolate Gran Dia caja 500 g,https://www.dia.es/galletas-bollos-y-cereales/cereales/p/135900,https://www.dia.es/product_images/135900/135900_ISO_0_ES.jpg?imwidth=392,"2,45 €",Grasas 20g de las cuales saturadas 10.3g Hidratos de Carbono 60.2g de los cuales azúcares 22.6g Fibra alimentaria 7.4g Proteínas 9.4g Ácido Fólico 200µg Sal 0.26g Hierro 7mg Niacina 16µg Ácido pantoténico 6mg Riboflavinas 1.4mg Tiamina 1.1mg,No disponible,"(4,90 €/KILO)"
Cereales de trigo inflado con miel Gran Dia caja 500 g,https://www.dia.es/galletas-bollos-y-cereales/cereales/p/37190,https://www.dia.es/product_images/37190/37190_ISO_0_ES.jpg?imwidth=392,"1,95 €",Grasas 3.5g de las cuales saturadas 1g Hidratos de Carbono 80.7g de los cuales azúcares 40.9g Fibra alimentaria 4.9g Proteínas 7.9g Ácido Fólico 200µg Sal 0.01g Biotina 43µg Hierro 7mg Niacina 16µg Ácido pantoténico 6mg Riboflavinas 1.4mg Tiamina 1.1mg,No disponible,"(3,90 €/KILO)"
Barritas de cereales con chocolate con leche Gran Dia caja 150 g,https://www.dia.es/galletas-bollos-y-cereales/cereales/p/43947,https://www.dia.es/product_images/43947/43947_ISO_0_ES.jpg?imwidth=392,"1,75 €",Grasas 19.3g de las cuales saturadas 8.6g Hidratos de Carbono 60.9g de los cuales azúcares 29.5g Fibra alimentaria 4.4g Proteínas 8.1g Sal 0.28g,No disponible,"(11,67 €/KILO)"
Cereales integrales con chocolate Nestlé Chocapic caja 375 g,https://www.dia.es/galletas-bollos-y-cereales/cereales/p/43106,https://www.dia.es/product_images/43106/43106_ISO_0_ES.jpg?imwidth=392,"3,19 €",Grasas 4.8g de las cuales saturadas 1.3g Hidratos de Carbono 73.6g de los cuales azúcares 22.4g Fibra alimentaria 7.7g Proteínas 8.9g Ácido Fólico 189µg Sal 0.22g Calcio 502mg Hierro 12mg Niacina 15µg Ácido pantoténico 5.7mg Riboflavinas 1.4mg Tiamina 1mg,No disponible,"(8,51 €/KILO)"
Cereales de arroz inflado con chocolate Gran Dia caja 500 g,https://www.dia.es/galletas-bollos-y-cereales/cereales/p/37199,https://www.dia.es/product_images/37199/37199_ISO_0_ES.jpg?imwidth=392,"2,10 €",Grasas 3g de las cuales saturadas 1.2g Hidratos de Carbono 79g de los cuales azúcares 25.9g Fibra alimentaria 4.2g Proteínas 7.5g Ácido Fólico 170µg Sal 0.65g Biotina 43µg Hierro 12mg Niacina 14µg Ácido pantoténico 5.1mg Riboflavinas 1.2mg Tiamina 0.9mg,No disponible,"(4,20 €/KILO)"
Barritas de cereales con avellanas Gran Dia caja 150 g,https://www.dia.es/galletas-bollos-y-cereales/cereales/p/43948,https://www.dia.es/product_images/43948/43948_ISO_0_ES.jpg?imwidth=392,"1,00 €",Grasas 15g de las cuales saturadas 3g Hidratos de Carbono 64.8g de los cuales azúcares 21.9g Fibra alimentaria 5.1g Proteínas 8.5g Sal 0.25g,No disponible,"(6,67 €/KILO)"
Barritas de cereales plátano y chocolate con leche Gran Dia caja 150 g,https://www.dia.es/galletas-bollos-y-cereales/cereales/p/43949,https://www.dia.es/product_images/43949/43949_ISO_0_ES.jpg?imwidth=392,"1,75 €",Grasas 11.5g de las cuales saturadas 6.3g Hidratos de Carbono 66.5g de los cuales azúcares 27.5g Fibra alimentaria 5.3g Proteínas 6.7g Sal 0.27g,No disponible,"(11,67 €/KILO)"
Cereales copos de maíz corn flakes Kellogg's Corn Flakes caja 500 g,https://www.dia.es/galletas-bollos-y-cereales/cereales/p/19372,https://www.dia.es/product_images/19372/19372_ISO_0_ES.jpg?imwidth=392,"3,00 €",Grasas 0.9g de las cuales saturadas 0.2g Hidratos de Carbono 84g de los cuales azúcares 8g Fibra alimentaria 3g Proteínas 7g Ácido Fólico 166µg Sal 1.1g Hierro 8mg Niacina 13µg Riboflavinas 1.2mg Tiamina 0.91mg,No disponible,"(6,00 €/KILO)"
Cereales de arroz inflado Kellogg's Choco Krispies caja 420 g,https://www.dia.es/galletas-bollos-y-cereales/cereales/p/130840,https://www.dia.es/product_images/130840/130840_ISO_0_ES.jpg?imwidth=392,"3,55 €",Grasas 1.9g de las cuales saturadas 0.9g Hidratos de Carbono 84g de los cuales azúcares 17g Fibra alimentaria 3.8g Proteínas 6.3g Ácido Fólico 166µg Sal 0.65g Hierro 8mg Niacina 13µg Riboflavinas 1.2mg Tiamina 0.91mg,No disponible,"(8,45 €/KILO)"
Cereales de bolas con chocolate Gran Dia caja 500 g,https://www.dia.es/galletas-bollos-y-cereales/cereales/p/76223,https://www.dia.es/product_images/76223/76223_ISO_0_ES.jpg?imwidth=392,"2,15 €",Grasas 2.9g de las cuales saturadas 1.1g Hidratos de Carbono 77g de los cuales azúcares 22g Fibra alimentaria 5.5g Proteínas 8.3g Ácido Fólico 170µg Sal 0.48g Biotina 43µg Hierro 12mg Niacina 14µg Ácido pantoténico 5.1mg Riboflavinas 1.2mg Tiamina 0.9mg,No disponible,"(4,30 €/KILO)"
Muesli con frutas Gran Dia bolsa 1 Kg,https://www.dia.es/galletas-bollos-y-cereales/cereales/p/37201,https://www.dia.es/product_images/37201/37201_ISO_0_ES.jpg?imwidth=392,"2,45 €",Grasas 5.9g de las cuales saturadas 3.4g Hidratos de Carbono 61.5g de los cuales azúcares 16.1g Fibra alimentaria 9.4g Proteínas 8.5g Sal 0.12g,No disponible,"(2,45 €/KILO)"
Cereales de copos de maíz con azúcar Gran Dia caja 500 g,https://www.dia.es/galletas-bollos-y-cereales/cereales/p/37253,https://www.dia.es/product_images/37253/37253_ISO_0_ES.jpg?imwidth=392,"2,05 €",Grasas 0.9g de las cuales saturadas 0.4g Hidratos de Carbono 85.1g de los cuales azúcares 24.4g Fibra alimentaria 6g Proteínas 6.5g Ácido Fólico 200µg Sal 1.5g Biotina 43µg Hierro 7mg Niacina 16µg Ácido pantoténico 6mg Riboflavinas 1.4mg Tiamina 1.1mg,No disponible,"(4,10 €/KILO)"
Cereales copos de trigo integral fibre flakes Gran Dia caja 375 g,https://www.dia.es/galletas-bollos-y-cereales/cereales/p/53222,https://www.dia.es/product_images/53222/53222_ISO_0_ES.jpg?imwidth=392,"1,79 €",Grasas 2.4g de las cuales saturadas 0.8g Hidratos de Carbono 71.9g de los cuales azúcares 13.8g Fibra alimentaria 9.8g Proteínas 10.6g Ácido Fólico 200µg Sal 1.5g Hierro 7mg Niacina 16µg Ácido pantoténico 6mg Riboflavinas 1.4mg Tiamina 1.1mg,No disponible,"(4,77 €/KILO)"
"Cereales copos de trigo, arroz y cebada con chocolate negro Gran Dia caja 300 g",https://www.dia.es/galletas-bollos-y-cereales/cereales/p/67929,https://www.dia.es/product_images/67929/67929_ISO_0_ES.jpg?imwidth=392,"1,95 €",Grasas 5.5g de las cuales saturadas 3.8g Hidratos de Carbono 75.7g de los cuales azúcares 22g Fibra alimentaria 6.2g Proteínas 7.3g Ácido Fólico 200µg Sal 0.63g Biotina 43µg Hierro 7mg Niacina 16µg Ácido pantoténico 6mg Riboflavinas 1.4mg Tiamina 1.1mg,No disponible,"(6,50 €/KILO)"
Barritas de cereales con chocolate nesquik Nestlé caja 150 g,https://www.dia.es/galletas-bollos-y-cereales/cereales/p/87246,https://www.dia.es/product_images/87246/87246_ISO_0_ES.jpg?imwidth=392,"2,99 €",Grasas 11.5g de las cuales saturadas 5g Hidratos de Carbono 66.6g de los cuales azúcares 21.8g Fibra alimentaria 5.2g Proteínas 6.6g Ácido Fólico 190µg Sal 0.42g Calcio 1360mg Hierro 10mg Niacina 14µg Ácido pantoténico 5.1mg Riboflavinas 1.5mg,No disponible,"(19,93 €/KILO)"
Cereales integrales con chocolate negro Nestlé Fitness caja 375 g,https://www.dia.es/galletas-bollos-y-cereales/cereales/p/87245,https://www.dia.es/product_images/87245/87245_ISO_0_ES.jpg?imwidth=392,"3,49 €",Grasas 8.1g de las cuales saturadas 4.6g Hidratos de Carbono 68.5g de los cuales azúcares 14.7g Fibra alimentaria 8.8g Proteínas 9.2g Ácido Fólico 90µg Sal 0.44g Calcio 388mg Hierro 8.1mg Niacina 6.8µg Ácido pantoténico 3.7mg Riboflavinas 0.94mg,No disponible,"(9,31 €/KILO)"
Barritas de cereales con chocolate con leche Corny caja 150 g,https://www.dia.es/galletas-bollos-y-cereales/cereales/p/85271,https://www.dia.es/product_images/85271/85271_ISO_0_ES.jpg?imwidth=392,"2,49 €",Grasas 18g de las cuales saturadas 10g Hidratos de Carbono 67g de los cuales azúcares 34g Fibra alimentaria 3.3g Proteínas 6.3g Sal 0.51g,No disponible,"(16,60 €/KILO)"
Cereales de trigo y maíz tostados con pepitas al cacao Nestlé Cookie Crisp caja 375 g,https://www.dia.es/galletas-bollos-y-cereales/cereales/p/74726,https://www.dia.es/product_images/74726/74726_ISO_0_ES.jpg?imwidth=392,"3,59 €",Grasas 5.2g de las cuales saturadas 0.9g Hidratos de Carbono 78g de los cuales azúcares 22.4g Fibra alimentaria 6g Proteínas 6.7g Ácido Fólico 155µg Sal 0.66g Calcio 750mg Hierro 7.9mg Niacina 13µg Ácido pantoténico 5mg Riboflavinas 1.1mg,No disponible,"(9,57 €/KILO)"
"Cereales copos de arroz, trigo integral y cebada Gran Dia caja 500 g",https://www.dia.es/galletas-bollos-y-cereales/cereales/p/74305,https://www.dia.es/product_images/74305/74305_ISO_0_ES.jpg?imwidth=392,"2,09 €",Grasas 1.4g de las cuales saturadas 0.6g Hidratos de Carbono 80.8g de los cuales azúcares 16.1g Fibra alimentaria 5.1g Proteínas 7.8g Ácido Fólico 170µg Sal 0.8g Biotina 43µg Hierro 11.9mg Niacina 13.6µg Ácido pantoténico 5.1mg Riboflavinas 1.2mg Tiamina 0.9mg,No disponible,"(4,18 €/KILO)"
Cereales copos de trigo integral y arroz con virutas de chocolate con leche Kellogg's Special K caja 335 g,https://www.dia.es/galletas-bollos-y-cereales/cereales/p/62177,https://www.dia.es/product_images/62177/62177_ISO_0_ES.jpg?imwidth=392,"3,45 €",Grasas 5g de las cuales saturadas 2.5g Hidratos de Carbono 81g de los cuales azúcares 21g Fibra alimentaria 5.3g Proteínas 7.7g Ácido Fólico 280µg Sal 0.67g Hierro 12mg Niacina 14µg Riboflavinas 2mg Tiamina 1.5mg,No disponible,"(10,30 €/KILO)"
Barritas de cereales con chocolate negro Kellogg's Special K caja 129 g,https://www.dia.es/galletas-bollos-y-cereales/cereales/p/58680,https://www.dia.es/product_images/58680/58680_ISO_0_ES.jpg?imwidth=392,"3,70 €",Grasas 9.2g de las cuales saturadas 4.7g Hidratos de Carbono 67g de los cuales azúcares 28g Fibra alimentaria 9.6g Proteínas 6.8g Ácido Fólico 190µg Sal 0.6g Niacina 15µg,No disponible,"(28,68 €/KILO)"
Cereales integrales con chocolate nesquik Nesquik caja 375 g,https://www.dia.es/galletas-bollos-y-cereales/cereales/p/55685,https://www.dia.es/product_images/55685/55685_ISO_0_ES.jpg?imwidth=392,"3,69 €",Grasas 2.8g de las cuales saturadas 1.1g Hidratos de Carbono 75.2g de los cuales azúcares 22.4g Fibra alimentaria 8.6g Proteínas 8.5g Ácido Fólico 200µg Sal 0.22g Calcio 461mg Hierro 11mg Niacina 15µg Ácido pantoténico 6.2mg Riboflavinas 1.5mg Tiamina 1.1mg,No disponible,"(9,84 €/KILO)"
Barritas de cereales chocolateadas Kellogg's Choco Krispies caja 120 g,https://www.dia.es/galletas-bollos-y-cereales/cereales/p/44876,https://www.dia.es/product_images/44876/44876_ISO_0_ES.jpg?imwidth=392,"3,35 €",Grasas 11g de las cuales saturadas 8g Hidratos de Carbono 70g de los cuales azúcares 26g Fibra alimentaria 4.4g Proteínas 5.7g Sal 0.46g Calcio 800mg,No disponible,"(27,92 €/KILO)"
"Barritas de cereales con albaricoque, manzana y uvas pasas Gran Dia caja 150 g",https://www.dia.es/galletas-bollos-y-cereales/cereales/p/43946,https://www.dia.es/product_images/43946/43946_ISO_0_ES.jpg?imwidth=392,"1,50 €",Grasas 5.8g de las cuales saturadas 2.7g Hidratos de Carbono 74.5g de los cuales azúcares 30g Fibra alimentaria 4g Proteínas 5g Sal 0.37g,No disponible,"(10,00 €/KILO)"
Cereales con frutas rojas Kellogg's Special K caja 300 g,https://www.dia.es/galletas-bollos-y-cereales/cereales/p/37838,https://www.dia.es/product_images/37838/37838_ISO_0_ES.jpg?imwidth=392,"4,19 €",Grasas 1.4g de las cuales saturadas 0.3g Hidratos de Carbono 83g de los cuales azúcares 16g Fibra alimentaria 6.6g Proteínas 8g Ácido Fólico 318µg Sal 0.73g Hierro 13mg Niacina 15µg Riboflavinas 2.2mg Tiamina 1.7mg,No disponible,"(13,97 €/KILO)"
Muesli crujiente con frutas Gran Dia caja 500 g,https://www.dia.es/galletas-bollos-y-cereales/cereales/p/37203,https://www.dia.es/product_images/37203/37203_ISO_0_ES.jpg?imwidth=392,"2,45 €",Grasas 16.7g de las cuales saturadas 9.5g Hidratos de Carbono 61.3g de los cuales azúcares 26.2g Fibra alimentaria 7.5g Proteínas 8.1g Sal 0.23g,No disponible,"(4,90 €/KILO)"
Cereales de bolas de maíz con miel Gran Dia caja 500 g,https://www.dia.es/galletas-bollos-y-cereales/cereales/p/37195,https://www.dia.es/product_images/37195/37195_ISO_0_ES.jpg?imwidth=392,"2,35 €",Grasas 0.9g de las cuales saturadas 0.2g Hidratos de Carbono 88.8g de los cuales azúcares 27.9g Fibra alimentaria 5.5g Proteínas 5.5g Ácido Fólico 200µg Sal 0.5g Hierro 7mg Niacina 16µg Ácido pantoténico 6mg Riboflavinas 1.4mg Tiamina 1.1mg,No disponible,"(4,70 €/KILO)"
Cereales copos de trigo con fruta y fibra Gran Dia caja 500 g,https://www.dia.es/galletas-bollos-y-cereales/cereales/p/37176,https://www.dia.es/product_images/37176/37176_ISO_0_ES.jpg?imwidth=392,"2,45 €",Grasas 6.4g de las cuales saturadas 3.8g Hidratos de Carbono 67.1g de los cuales azúcares 24.1g Fibra alimentaria 8.7g Proteínas 8.6g Ácido Fólico 200µg Sal 1.12g Hierro 7mg Niacina 16µg Ácido pantoténico 6mg,No disponible,"(4,90 €/KILO)"
Barritas de cereales de bizcochitos con fruta y fibra Kellogg's All-Bran caja 240 g,https://www.dia.es/galletas-bollos-y-cereales/cereales/p/36955,https://www.dia.es/product_images/36955/36955_ISO_0_ES.jpg?imwidth=392,"3,99 €",Grasas 13g de las cuales saturadas 1g Hidratos de Carbono 58g de los cuales azúcares 38g Fibra alimentaria 9g Proteínas 4g Ácido Fólico 126µg Sal 0.45g Hierro 6mg Niacina 10.1µg Riboflavinas 0.88mg Tiamina 0.69mg,No disponible,"(16,63 €/KILO)"
Cereales copos de trigo integral y arroz Kellogg's Special K caja 700 g,https://www.dia.es/galletas-bollos-y-cereales/cereales/p/3405,https://www.dia.es/product_images/3405/3405_ISO_0_ES.jpg?imwidth=392,"4,89 €",Grasas 1.3g de las cuales saturadas 0.3g Hidratos de Carbono 84g de los cuales azúcares 15g Fibra alimentaria 6g Proteínas 8g Ácido Fólico 334µg Sal 0.84g Hierro 14mg Niacina 16µg Riboflavinas 2.3mg Tiamina 1.8mg,No disponible,"(6,99 €/KILO)"
Cereales de desayuno flakes Kellogg's caja 375 g,https://www.dia.es/galletas-bollos-y-cereales/cereales/p/304774,https://www.dia.es/product_images/304774/304774_ISO_0_ES.jpg?imwidth=392,"3,69 €",Grasas 2.2g de las cuales saturadas 0.4g Hidratos de Carbono 65g de los cuales azúcares 14g Fibra alimentaria 17g Proteínas 11g Ácido Fólico 166µg Sal 0.66g Hierro 8mg Niacina 13µg Riboflavinas 1.2mg Tiamina 0.91mg,No disponible,"(9,84 €/KILO)"
Barritas proteicas de cacao y avellana Nakd caja 135 g,https://www.dia.es/galletas-bollos-y-cereales/cereales/p/304667,https://www.dia.es/product_images/304667/304667_ISO_0_ES.jpg?imwidth=392,"3,29 €",Grasas 21.7g de las cuales saturadas 3.5g Hidratos de Carbono 32.6g de los cuales azúcares 25.2g Fibra alimentaria 15.4g Proteínas 16.1g Sal 0.01g,No disponible,"(24,37 €/KILO)"
Barrita de proteínas con chocolate blanco y coco Weider bolsa 45 g,https://www.dia.es/galletas-bollos-y-cereales/cereales/p/303550,https://www.dia.es/product_images/303550/303550_ISO_0_ES.jpg?imwidth=392,"1,99 €",Grasas 19g de las cuales saturadas 11g Hidratos de Carbono 33g de los cuales azúcares 3.1g Proteínas 31g Sal 0.28g,No disponible,"(44,22 €/KILO)"
Barritas de cereales con cacao y café high protein Kellogg's Special K caja 35 g,https://www.dia.es/galletas-bollos-y-cereales/cereales/p/303160,https://www.dia.es/product_images/303160/303160_ISO_0_ES.jpg?imwidth=392,"1,20 €",No disponible,No disponible,"(34,29 €/KILO)"
Barritas de brownie de chocolate Fibre one caja 96 g,https://www.dia.es/galletas-bollos-y-cereales/cereales/p/301583,https://www.dia.es/product_images/301583/301583_ISO_0_ES.jpg?imwidth=392,"2,79 €",Grasas 12.8g de las cuales saturadas 7.5g Hidratos de Carbono 48.9g de los cuales azúcares 20.8g Fibra alimentaria 21.4g Proteínas 4.9g Sal 0.99g,No disponible,"(29,06 €/KILO)"
"Copos de trigo integral, avena integral y arroz tostados Nestlé caja 300 g + 75 g",https://www.dia.es/galletas-bollos-y-cereales/cereales/p/301409,https://www.dia.es/product_images/301409/301409_ISO_0_ES.jpg?imwidth=392,"2,69 €",Grasas 1.5g de las cuales saturadas 0.6g Hidratos de Carbono 74.7g de los cuales azúcares 8.3g Fibra alimentaria 8.5g Proteínas 9.8g Ácido Fólico 102µg Sal 0.56g Calcio 415mg Hierro 7.5mg Niacina 8.5µg Ácido pantoténico 4.4mg Riboflavinas 1.1mg,No disponible,"(8,97 €/KILO)"
Cereales Miel Pops Kellogg's caja 400 g,https://www.dia.es/galletas-bollos-y-cereales/cereales/p/299904,https://www.dia.es/product_images/299904/299904_ISO_0_ES.jpg?imwidth=392,"3,99 €",Grasas 1.5g de las cuales saturadas 0.1g Hidratos de Carbono 85g de los cuales azúcares 22g Fibra alimentaria 4.6g Proteínas 5.2g Ácido Fólico 166µg Sal 0.4g Hierro 8mg Niacina 13µg Riboflavinas 1.2mg Tiamina 0.91mg,No disponible,"(9,98 €/KILO)"
"Cereales integrales de trigo, avena y quinoa sabor miel 0% azúcares añadidos Nestlé caja 310 g",https://www.dia.es/galletas-bollos-y-cereales/cereales/p/299145,https://www.dia.es/product_images/299145/299145_ISO_0_ES.jpg?imwidth=392,"3,59 €",Grasas 4g de las cuales saturadas 0.6g Hidratos de Carbono 63.4g de los cuales azúcares 1.5g Fibra alimentaria 17.6g Proteínas 10.1g Sal 0.63g,No disponible,"(11,58 €/KILO)"
Cereales integrales 0% azúcares añadidos mix choco Esgir bolsa 250 g,https://www.dia.es/galletas-bollos-y-cereales/cereales/p/295978,https://www.dia.es/product_images/295978/295978_ISO_0_ES.jpg?imwidth=392,"2,45 €",Grasas 3.5g de las cuales saturadas 0.6g Hidratos de Carbono 76g de los cuales azúcares 1.2g Proteínas 8.8g Sal 0.21g,No disponible,"(9,80 €/KILO)"
Cereales con chocolate Kit Kat caja 330 g,https://www.dia.es/galletas-bollos-y-cereales/cereales/p/293811,https://www.dia.es/product_images/293811/293811_ISO_0_ES.jpg?imwidth=392,"3,99 €",Grasas 10.9g de las cuales saturadas 4g Hidratos de Carbono 69.4g de los cuales azúcares 24.7g Fibra alimentaria 6.4g Proteínas 7.8g Ácido Fólico 117µg Sal 0.37g Calcio 409mg Hierro 12mg Niacina 10µg Ácido pantoténico 4mg Riboflavinas 1.1mg,No disponible,"(12,09 €/KILO)"
Barritas de fruta y cacahuete Nakd caja 140 g,https://www.dia.es/galletas-bollos-y-cereales/cereales/p/292863,https://www.dia.es/product_images/292863/292863_ISO_0_ES.jpg?imwidth=392,"3,09 €",Grasas 21.5g de las cuales saturadas 3.9g Hidratos de Carbono 41.7g de los cuales azúcares 38.8g Fibra alimentaria 5g Proteínas 13.6g Sal 0.02g,No disponible,"(22,07 €/KILO)"
"Barritas de avena, cacahuetes y almendras con chocolate Kellogg's Extra bolsa 32 g",https://www.dia.es/galletas-bollos-y-cereales/cereales/p/292244,https://www.dia.es/product_images/292244/292244_ISO_0_ES.jpg?imwidth=392,"1,10 €",Grasas 33g de las cuales saturadas 10g Hidratos de Carbono 41g de los cuales azúcares 25g Fibra alimentaria 6.6g Proteínas 12g Sal 0.35g,No disponible,"(34,38 €/KILO)"
Proteína texturizada de guisante Natur Dacsa bolsa 200 g,https://www.dia.es/galletas-bollos-y-cereales/cereales/p/283132,https://www.dia.es/product_images/283132/283132_ISO_0_ES.jpg?imwidth=392,"1,90 €",Grasas 4.7g de las cuales saturadas 0.9g Hidratos de Carbono 22g de los cuales azúcares 1.6g Proteínas 58g,No disponible,"(9,50 €/KILO)"
Cereales rellenos con leche Kellogg's Krave caja 375 g,https://www.dia.es/galletas-bollos-y-cereales/cereales/p/283096,https://www.dia.es/product_images/283096/283096_ISO_0_ES.jpg?imwidth=392,"4,25 €",Grasas 12g de las cuales saturadas 3.9g Hidratos de Carbono 70g de los cuales azúcares 26g Fibra alimentaria 3.6g Proteínas 6.2g Sal 1g Riboflavinas 1.2mg Tiamina 0.91mg,No disponible,"(10,37 €/KILO)"
Cereales de desayuno natural Kellogg's All-Bran caja 450 g,https://www.dia.es/galletas-bollos-y-cereales/cereales/p/283094,https://www.dia.es/product_images/283094/283094_ISO_0_ES.jpg?imwidth=392,"3,50 €",Grasas 1.7g de las cuales saturadas 0.4g Hidratos de Carbono 78g de los cuales azúcares 0.9g Fibra alimentaria 11g Proteínas 12g Sal 0g,No disponible,"(7,78 €/KILO)"
Cereales granola de avena con chocolate negro Kellogg's Special K caja 320 g,https://www.dia.es/galletas-bollos-y-cereales/cereales/p/283093,https://www.dia.es/product_images/283093/283093_ISO_0_ES.jpg?imwidth=392,"3,15 €",Grasas 17g de las cuales saturadas 4g Hidratos de Carbono 65g de los cuales azúcares 13g Fibra alimentaria 9.5g Proteínas 9.3g Sal 0.01g,No disponible,"(9,84 €/KILO)"
Soja texturizada Luengo bolsa 200 g,https://www.dia.es/galletas-bollos-y-cereales/cereales/p/282304,https://www.dia.es/product_images/282304/282304_ISO_0_ES.jpg?imwidth=392,"2,75 €",Grasas 8.8g de las cuales saturadas 1.5g Hidratos de Carbono 13g de los cuales azúcares 6.3g Proteínas 50g Sal 0g,No disponible,"(13,75 €/KILO)"
Barritas de cereales con cacahuetes y cacao Corny bolsa 35 g,https://www.dia.es/galletas-bollos-y-cereales/cereales/p/279597,https://www.dia.es/product_images/279597/279597_ISO_0_ES.jpg?imwidth=392,"1,79 €",Grasas 25.9g de las cuales saturadas 17.8g Hidratos de Carbono 37.6g de los cuales azúcares 21.3g Fibra alimentaria 3g Proteínas 25.1g Sal 0.64g Magnesio 170mg,No disponible,"(51,14 €/KILO)"
Barritas de fruta con frutos secos y arándanos Nakd caja 140 g,https://www.dia.es/galletas-bollos-y-cereales/cereales/p/271171,https://www.dia.es/product_images/271171/271171_ISO_0_ES.jpg?imwidth=392,"3,09 €",Grasas 13g de las cuales saturadas 2g Hidratos de Carbono 54.3g de los cuales azúcares 52g Fibra alimentaria 4.1g Proteínas 7.1g Sal 0.02g,No disponible,"(22,07 €/KILO)"
Barrita de cereales de avena y miel crunchy Nature Valley caja 42 g,https://www.dia.es/galletas-bollos-y-cereales/cereales/p/270984,https://www.dia.es/product_images/270984/270984_ISO_0_ES.jpg?imwidth=392,"1,09 €",Grasas 17.2g de las cuales saturadas 2.4g Hidratos de Carbono 64.5g de los cuales azúcares 28.3g Fibra alimentaria 5.6g Proteínas 8.1g Sal 0.82g,No disponible,"(25,95 €/KILO)"
Cereales de desayuno con avena integral Nestlé Cheerios caja 300 g,https://www.dia.es/galletas-bollos-y-cereales/cereales/p/267700,https://www.dia.es/product_images/267700/267700_ISO_0_ES.jpg?imwidth=392,"3,49 €",Grasas 6.3g de las cuales saturadas 1.3g Hidratos de Carbono 65.7g de los cuales azúcares 9g Fibra alimentaria 10.3g Proteínas 10.4g Ácido Fólico 213µg Sal 0.7g Calcio 529mg Hierro 14mg Niacina 15µg Ácido pantoténico 5mg Riboflavinas 1.2mg,No disponible,"(11,63 €/KILO)"
Cereales de desayuno surtidos mix Nestlé caja 190 g,https://www.dia.es/galletas-bollos-y-cereales/cereales/p/263535,https://www.dia.es/product_images/263535/263535_ISO_0_ES.jpg?imwidth=392,"4,09 €",Grasas 7.4g de las cuales saturadas 1.1g Hidratos de Carbono 75.4g de los cuales azúcares 25g Fibra alimentaria 6.5g Proteínas 6.9g Ácido Fólico 155µg Sal 0.19g Calcio 587mg Hierro 8.4mg Niacina 13µg Ácido pantoténico 4.8mg Riboflavinas 1.1mg Tiamina 0.92mg,No disponible,"(21,53 €/KILO)"
Barritas proteicas de cacahuete y chocolate Nature Valley caja 160 g,https://www.dia.es/galletas-bollos-y-cereales/cereales/p/262294,https://www.dia.es/product_images/262294/262294_ISO_0_ES.jpg?imwidth=392,"3,65 €",Grasas 30g de las cuales saturadas 8.8g Hidratos de Carbono 23.9g de los cuales azúcares 15.5g Fibra alimentaria 13.5g Proteínas 25.5g Sal 0.97g,No disponible,"(22,81 €/KILO)"
Cereales de desayuno surtidos variety Kellogg's caja 220 g,https://www.dia.es/galletas-bollos-y-cereales/cereales/p/261554,https://www.dia.es/product_images/261554/261554_ISO_0_ES.jpg?imwidth=392,"4,89 €",Grasas 1.7g de las cuales saturadas 0.6g Hidratos de Carbono 83g de los cuales azúcares 25g Fibra alimentaria 4.2g Proteínas 7.5g Sal 0.65g,No disponible,"(22,23 €/KILO)"
Barrita de avena y chocolate Nature Valley caja 210 g,https://www.dia.es/galletas-bollos-y-cereales/cereales/p/250334,https://www.dia.es/product_images/250334/250334_ISO_0_ES.jpg?imwidth=392,"2,59 €",Grasas 19.8g de las cuales saturadas 3.4g Hidratos de Carbono 61.5g de los cuales azúcares 26.8g Fibra alimentaria 7g Proteínas 8.7g Sal 0.65g,No disponible,"(12,33 €/KILO)"
Barritas de cereales de avena y miel crunchy Nature Valley caja 210 g,https://www.dia.es/galletas-bollos-y-cereales/cereales/p/250333,https://www.dia.es/product_images/250333/250333_ISO_0_ES.jpg?imwidth=392,"2,59 €",Grasas 18.1g de las cuales saturadas 2.2g Hidratos de Carbono 64.3g de los cuales azúcares 26.8g Fibra alimentaria 6.4g Proteínas 8.7g Sal 0.85g,No disponible,"(12,33 €/KILO)"
Cereales con miel Nestlé Golden Grahams caja 375 g,https://www.dia.es/galletas-bollos-y-cereales/cereales/p/249152,https://www.dia.es/product_images/249152/249152_ISO_0_ES.jpg?imwidth=392,"3,99 €",Grasas 3.3g de las cuales saturadas 1.2g Hidratos de Carbono 78.6g de los cuales azúcares 24.5g Fibra alimentaria 4.6g Proteínas 6.9g Ácido Fólico 141µg Sal 0.97g Calcio 559mg Hierro 8mg Niacina 12µg Ácido pantoténico 42mg Riboflavinas 1.09mg,No disponible,"(10,64 €/KILO)"
"Barritas de cereales con coco, cacao, anacardos y crema de almendra protein Kellogg's Special K caja 112 g",https://www.dia.es/galletas-bollos-y-cereales/cereales/p/245356,https://www.dia.es/product_images/245356/245356_ISO_0_ES.jpg?imwidth=392,"3,70 €",Grasas 16g de las cuales saturadas 5.1g Hidratos de Carbono 44g de los cuales azúcares 16g Fibra alimentaria 5.6g Proteínas 23g Sal 0.61g,No disponible,"(33,04 €/KILO)"
Barritas de cereales integrales con chocolate con leche Kellogg's Special K caja 120 g,https://www.dia.es/galletas-bollos-y-cereales/cereales/p/243212,https://www.dia.es/product_images/243212/243212_ISO_0_ES.jpg?imwidth=392,"3,70 €",Grasas 9.6g de las cuales saturadas 5.1g Hidratos de Carbono 62g de los cuales azúcares 25g Fibra alimentaria 14g Proteínas 7g Ácido Fólico 200µg Sal 0.6g Niacina 16µg,No disponible,"(30,83 €/KILO)"
Cereales de desayuno Kellogg's Froot Loops caja 375 g,https://www.dia.es/galletas-bollos-y-cereales/cereales/p/242982,https://www.dia.es/product_images/242982/242982_ISO_0_ES.jpg?imwidth=392,"4,59 €",Grasas 2.5g de las cuales saturadas 0.9g Hidratos de Carbono 80g de los cuales azúcares 25g Fibra alimentaria 4g Proteínas 8.3g Sal 1.1g,No disponible,"(12,24 €/KILO)"
Barrita de proteínas con doble chocolate Weider caja 90 g,https://www.dia.es/galletas-bollos-y-cereales/cereales/p/240928,https://www.dia.es/product_images/240928/240928_ISO_0_ES.jpg?imwidth=392,"3,75 €",Grasas 14g Hidratos de Carbono 36g de los cuales azúcares 2.3g Proteínas 33g Sal 0.35g,No disponible,"(41,67 €/KILO)"
Cereales extra original Kellogg's Extra bolsa 375 g,https://www.dia.es/galletas-bollos-y-cereales/cereales/p/225816,https://www.dia.es/product_images/225816/225816_ISO_0_ES.jpg?imwidth=392,"4,25 €",Grasas 22g de las cuales saturadas 8.1g Hidratos de Carbono 59g de los cuales azúcares 19g Fibra alimentaria 6.7g Proteínas 8g Sal 0.85g,No disponible,"(11,33 €/KILO)"
Muesli extra Gran Dia caja 500 g,https://www.dia.es/galletas-bollos-y-cereales/cereales/p/222746,https://www.dia.es/product_images/222746/222746_ISO_0_ES.jpg?imwidth=392,"1,95 €",Grasas 18.6g de las cuales saturadas 9.5g Hidratos de Carbono 61g de los cuales azúcares 18.4g Fibra alimentaria 7.3g Proteínas 9.9g Ácido Fólico 260µg Sal 0.29g Hierro 9.8mg Niacina 20.8µg Ácido pantoténico 7.8mg,No disponible,"(3,90 €/KILO)"
Cereales copos de trigo integral y arroz Kellogg's Special K caja 335 g,https://www.dia.es/galletas-bollos-y-cereales/cereales/p/222639,https://www.dia.es/product_images/222639/222639_ISO_0_ES.jpg?imwidth=392,"2,49 €",Grasas 1.3g de las cuales saturadas 0.3g Hidratos de Carbono 84g de los cuales azúcares 15g Fibra alimentaria 6g Proteínas 8g Ácido Fólico 334µg Sal 0.84g Hierro 14mg Niacina 16µg Riboflavinas 2.3mg Tiamina 1.8mg,No disponible,"(7,43 €/KILO)"
Cereales crujientes con chocolate y avellanas Kellogg's Extra caja 375 g,https://www.dia.es/galletas-bollos-y-cereales/cereales/p/207756,https://www.dia.es/product_images/207756/207756_ISO_0_ES.jpg?imwidth=392,"4,25 €",Grasas 25g de las cuales saturadas 10g Hidratos de Carbono 55g de los cuales azúcares 21g Fibra alimentaria 7g Proteínas 8g Sal 0.68g,No disponible,"(11,33 €/KILO)"
Cereales copos de maíz corn flakes sin gluten Nestlé caja 375 g,https://www.dia.es/galletas-bollos-y-cereales/cereales/p/191844,https://www.dia.es/product_images/191844/191844_ISO_0_ES.jpg?imwidth=392,"3,69 €",Grasas 1.4g de las cuales saturadas 0.5g Hidratos de Carbono 82.9g de los cuales azúcares 8.8g Fibra alimentaria 4.2g Proteínas 7.4g Ácido Fólico 183µg Sal 1.33g Niacina 17µg Ácido pantoténico 3.9mg Riboflavinas 1.3mg,No disponible,"(9,84 €/KILO)"
Cereales integrales con miel Nestlé Estrellitas caja 270 g,https://www.dia.es/galletas-bollos-y-cereales/cereales/p/18319,https://www.dia.es/product_images/18319/18319_ISO_0_ES.jpg?imwidth=392,"2,69 €",Grasas 4.8g de las cuales saturadas 0.5g Hidratos de Carbono 77.7g de los cuales azúcares 24.7g Fibra alimentaria 5.1g Proteínas 7.4g Ácido Fólico 180µg Sal 0.35g Calcio 460mg Hierro 8.37mg Niacina 14µg Ácido pantoténico 5.17mg Riboflavinas 1.25mg Tiamina 0.98mg,No disponible,"(9,96 €/KILO)"
Copos suaves de avena integral bio Ecocesta bolsa 500 g,https://www.dia.es/galletas-bollos-y-cereales/cereales/p/168881,https://www.dia.es/product_images/168881/168881_ISO_0_ES.jpg?imwidth=392,"2,49 €",Grasas 7.6g de las cuales saturadas 1.3g Hidratos de Carbono 56g de los cuales azúcares 1.1g Fibra alimentaria 10g Proteínas 14g Sal 0g,No disponible,"(4,98 €/KILO)"
Cereales con chocolate Kellogg's Choco Krispies caja 420 g,https://www.dia.es/galletas-bollos-y-cereales/cereales/p/166535,https://www.dia.es/product_images/166535/166535_ISO_0_ES.jpg?imwidth=392,"4,10 €",Grasas 2.2g de las cuales saturadas 1g Hidratos de Carbono 77g de los cuales azúcares 22g Fibra alimentaria 6g Proteínas 10g Ácido Fólico 166µg Sal 0.67g Hierro 8mg Niacina 13µg Riboflavinas 1.2mg Tiamina 0.91mg,No disponible,"(9,76 €/KILO)"
Cereales con chocolate Kellogg's All-Bran caja 375 g,https://www.dia.es/galletas-bollos-y-cereales/cereales/p/149577,https://www.dia.es/product_images/149577/149577_ISO_0_ES.jpg?imwidth=392,"3,50 €",Grasas 8g de las cuales saturadas 4.5g Hidratos de Carbono 65g de los cuales azúcares 19g Fibra alimentaria 10g Proteínas 10g Sal 0.05g,No disponible,"(9,33 €/KILO)"
Cereales integrales con chocolate y caramelo Nestlé Lion caja 400 g,https://www.dia.es/galletas-bollos-y-cereales/cereales/p/144546,https://www.dia.es/product_images/144546/144546_ISO_0_ES.jpg?imwidth=392,"3,99 €",Grasas 7.4g de las cuales saturadas 1.1g Hidratos de Carbono 73.1g de los cuales azúcares 24.5g Fibra alimentaria 7g Proteínas 8.1g Ácido Fólico 175µg Sal 0.48g Calcio 492mg Hierro 8.4mg Niacina 14µg Ácido pantoténico 5.1mg Riboflavinas 1.2mg Tiamina 0.91mg,No disponible,"(9,98 €/KILO)"
Cereales copos de maíz tostados Kellogg's Frosties caja 400 g,https://www.dia.es/galletas-bollos-y-cereales/cereales/p/130842,https://www.dia.es/product_images/130842/130842_ISO_0_ES.jpg?imwidth=392,"3,99 €",Grasas 0.6g de las cuales saturadas 0.1g Hidratos de Carbono 87g de los cuales azúcares 37g Fibra alimentaria 2g Proteínas 4.5g Ácido Fólico 166µg Sal 0.83g Hierro 8mg Niacina 13µg Riboflavinas 1.2mg Tiamina 0.91mg,No disponible,"(9,98 €/KILO)"
Cereales de trigo inflado con miel Kellogg's Smacks caja 400 g,https://www.dia.es/galletas-bollos-y-cereales/cereales/p/130841,https://www.dia.es/product_images/130841/130841_ISO_0_ES.jpg?imwidth=392,"3,99 €",Grasas 1.6g de las cuales saturadas 0.3g Hidratos de Carbono 81g de los cuales azúcares 34g Fibra alimentaria 5g Proteínas 7.1g Ácido Fólico 166µg Sal 0.02g Hierro 8mg Niacina 13µg Riboflavinas 1.2mg Tiamina 0.91mg,No disponible,"(9,98 €/KILO)"
Cereales con chocolate negro Kellogg's Special K caja 325 g,https://www.dia.es/galletas-bollos-y-cereales/cereales/p/12333,https://www.dia.es/product_images/12333/12333_ISO_0_ES.jpg?imwidth=392,"3,45 €",Grasas 6.1g de las cuales saturadas 3.2g Hidratos de Carbono 81g de los cuales azúcares 17g Fibra alimentaria 6g Proteínas 8.2g Ácido Fólico 280µg Sal 0.64g Hierro 12mg Niacina 14µg Riboflavinas 2mg Tiamina 1.5mg,No disponible,"(10,62 €/KILO)"
Cereales con chocolate y avellana Kellogg's Krave caja 410 g,https://www.dia.es/galletas-bollos-y-cereales/cereales/p/119449,https://www.dia.es/product_images/119449/119449_ISO_0_ES.jpg?imwidth=392,"4,25 €",Grasas 15g de las cuales saturadas 3.8g Hidratos de Carbono 71g de los cuales azúcares 26g Fibra alimentaria 3.7g Proteínas 6.6g Sal 0.94g Riboflavinas 1.2mg Tiamina 0.91mg,No disponible,"(10,37 €/KILO)"
Cereales rellenos de cacao y avellana Gran Dia caja 500 g,https://www.dia.es/galletas-bollos-y-cereales/cereales/p/106852,https://www.dia.es/product_images/106852/106852_ISO_0_ES.jpg?imwidth=392,"2,35 €",Grasas 13g de las cuales saturadas 2g Hidratos de Carbono 75g de los cuales azúcares 26g Fibra alimentaria 6.3g Proteínas 6.6g Ácido Fólico 166µg Sal 0.58g Biotina 40µg Hierro 7.2mg Niacina 13.3µg Ácido pantoténico 5mg Riboflavinas 1.2mg Tiamina 0.9mg,No disponible,"(4,70 €/KILO)"
Cereales originales Kellogg's All-Bran caja 375 g,https://www.dia.es/galletas-bollos-y-cereales/cereales/p/106,https://www.dia.es/product_images/106/106_ISO_0_ES.jpg?imwidth=392,"3,89 €",Grasas 3.5g de las cuales saturadas 0.7g Hidratos de Carbono 48g de los cuales azúcares 18g Fibra alimentaria 27g Proteínas 14g Ácido Fólico 250µg Sal 0.9g Hierro 8.8mg Niacina 10µg Riboflavinas 0.88mg Tiamina 0.69mg,No disponible,"(10,37 €/KILO)"
Cereales copos de arroz y trigo integral con frutos rojos Gran Dia caja 300 g,https://www.dia.es/galletas-bollos-y-cereales/cereales/p/10284,https://www.dia.es/product_images/10284/10284_ISO_0_ES.jpg?imwidth=392,"1,95 €",Grasas 1.5g de las cuales saturadas 0.6g Hidratos de Carbono 79.4g de los cuales azúcares 17.9g Fibra alimentaria 5.5g Proteínas 7.8g Ácido Fólico 200µg Sal 0.72g Hierro 7mg Niacina 16µg Ácido pantoténico 6mg Riboflavinas 1.4mg Tiamina 1.1mg,No disponible,"(6,50 €/KILO)"
Barritas de cereales con chocolate con leche Corny caja 120 g,https://www.dia.es/galletas-bollos-y-cereales/cereales/p/101526,https://www.dia.es/product_images/101526/101526_ISO_0_ES.jpg?imwidth=392,"2,49 €",Grasas 8.9g de las cuales saturadas 5g Hidratos de Carbono 68g de los cuales azúcares 1.6g Fibra alimentaria 4.8g Proteínas 6.8g Sal 0.43g Polialcoholes 40g,No disponible,"(20,75 €/KILO)"
Tortitas de maíz Naturmundo de Dia bolsa 130 g,https://www.dia.es/galletas-bollos-y-cereales/tortitas/p/166802,https://www.dia.es/product_images/166802/166802_ISO_0_ES.jpg?imwidth=392,"1,25 €",Grasas 2g de las cuales saturadas 0.3g Hidratos de Carbono 80g de los cuales azúcares 1.2g Proteínas 8.2g Ácido Fólico 94µg Sal 0.85g Biotina 23µg Calcio 341mg Hierro 10mg Potasio 1020mg Magnesio 114mg Manganeso 1mg Niacina 8µg Fósforo 573mg Ácido pantoténico 3mg Riboflavinas 1mg Selenio 36mg Tiamina 0.52mg Zinc 6mg Cobre 1mg,No disponible,"(9,62 €/KILO)"
Mini tortitas de maíz y arroz sabor jamón Naturmundo de Dia bolsa 75 g,https://www.dia.es/galletas-bollos-y-cereales/tortitas/p/161619,https://www.dia.es/product_images/161619/161619_ISO_0_ES.jpg?imwidth=392,"1,39 €",Grasas 15g de las cuales saturadas 1.7g Hidratos de Carbono 71g de los cuales azúcares 1.3g Fibra alimentaria 2.1g Proteínas 6.5g Sal 1.7g,No disponible,"(18,53 €/KILO)"
Tortitas de arroz integral con chocolate negro Naturmundo de Dia bolsa 130 g,https://www.dia.es/galletas-bollos-y-cereales/tortitas/p/247479,https://www.dia.es/product_images/247479/247479_ISO_0_ES.jpg?imwidth=392,"1,85 €",Grasas 18g de las cuales saturadas 11g Hidratos de Carbono 68g de los cuales azúcares 28g Fibra alimentaria 5.1g Proteínas 6.2g Sal 0.03g,No disponible,"(14,23 €/KILO)"
Tortitas de arroz integral con chocolate blanco Naturmundo de Dia bolsa 130 g,https://www.dia.es/galletas-bollos-y-cereales/tortitas/p/161621,https://www.dia.es/product_images/161621/161621_ISO_0_ES.jpg?imwidth=392,"1,85 €",Grasas 18g de las cuales saturadas 11g Hidratos de Carbono 70g de los cuales azúcares 28g Fibra alimentaria 1.8g Proteínas 7.1g Sal 0.13g,No disponible,"(14,23 €/KILO)"
Mini tortitas de maíz y arroz sabor queso Naturmundo de Dia bolsa 75 g,https://www.dia.es/galletas-bollos-y-cereales/tortitas/p/161620,https://www.dia.es/product_images/161620/161620_ISO_0_ES.jpg?imwidth=392,"1,39 €",Grasas 15g de las cuales saturadas 1.9g Hidratos de Carbono 70g de los cuales azúcares 1g Proteínas 6.6g Sal 2.1g,No disponible,"(18,53 €/KILO)"
Tortitas de maíz con chocolate negro Naturmundo de Dia bolsa 90 g,https://www.dia.es/galletas-bollos-y-cereales/tortitas/p/161622,https://www.dia.es/product_images/161622/161622_ISO_0_ES.jpg?imwidth=392,"1,35 €",Grasas 12g de las cuales saturadas 6.7g Hidratos de Carbono 76g de los cuales azúcares 18g Fibra alimentaria 3.4g Proteínas 7.7g Ácido Fólico 70µg Sal 0.57g Biotina 45µg Niacina 7µg Ácido pantoténico 2mg Riboflavinas 1mg Tiamina 0.53mg,No disponible,"(15,00 €/KILO)"
Mini tortitas sabor campesina Naturmundo de Dia bolsa 75 g,https://www.dia.es/galletas-bollos-y-cereales/tortitas/p/289920,https://www.dia.es/product_images/289920/289920_ISO_0_ES.jpg?imwidth=392,"1,39 €",Grasas 15g de las cuales saturadas 1.7g Hidratos de Carbono 70g Fibra alimentaria 2.7g Proteínas 6.7g Sal 1.5g,No disponible,"(18,53 €/KILO)"
Tortitas de arroz integral Naturmundo de Dia bolsa 130 g,https://www.dia.es/galletas-bollos-y-cereales/tortitas/p/61475,https://www.dia.es/product_images/61475/61475_ISO_0_ES.jpg?imwidth=392,"1,25 €",Grasas 2.1g de las cuales saturadas 0.4g Hidratos de Carbono 83g de los cuales azúcares 0.8g Proteínas 8g Sal 1.1g,No disponible,"(9,62 €/KILO)"
Tortitas de maíz sabor jamón ibérico Bicentury bolsa 123 g,https://www.dia.es/galletas-bollos-y-cereales/tortitas/p/235039,https://www.dia.es/product_images/235039/235039_ISO_0_ES.jpg?imwidth=392,"2,39 €",Grasas 15g de las cuales saturadas 2.4g Hidratos de Carbono 69g de los cuales azúcares 3.4g Fibra alimentaria 2.2g Proteínas 6.9g Sal 1.6g,No disponible,"(19,43 €/KILO)"
Tortitas de maíz Bicentury bolsa 130 g,https://www.dia.es/galletas-bollos-y-cereales/tortitas/p/84027,https://www.dia.es/product_images/84027/84027_ISO_0_ES.jpg?imwidth=392,"1,79 €",Grasas 2g de las cuales saturadas 0.3g Hidratos de Carbono 81g de los cuales azúcares 1g Fibra alimentaria 3.1g Proteínas 7.7g Sal 1.7g,No disponible,"(13,77 €/KILO)"
Tortitas de arroz con chocolate blanco y frutos rojos Bicentury bolsa 131 g,https://www.dia.es/galletas-bollos-y-cereales/tortitas/p/244935,https://www.dia.es/product_images/244935/244935_ISO_0_ES.jpg?imwidth=392,"2,95 €",Grasas 18g de las cuales saturadas 11g Hidratos de Carbono 70g de los cuales azúcares 28g Fibra alimentaria 1.9g Proteínas 7.1g Sal 0.13g,No disponible,"(22,52 €/KILO)"
Tortitas de maíz con tomate y aceite de oliva Bicentury bolsa 123 g,https://www.dia.es/galletas-bollos-y-cereales/tortitas/p/179409,https://www.dia.es/product_images/179409/179409_ISO_0_ES.jpg?imwidth=392,"2,29 €",Grasas 14g de las cuales saturadas 1.6g Hidratos de Carbono 71g de los cuales azúcares 2.5g Fibra alimentaria 3g Proteínas 6.8g Sal 1.2g,No disponible,"(18,62 €/KILO)"
Tortitas de maíz sabor jamón ibérico Bicentury caja 70 g,https://www.dia.es/galletas-bollos-y-cereales/tortitas/p/164210,https://www.dia.es/product_images/164210/164210_ISO_0_ES.jpg?imwidth=392,"1,45 €",Grasas 15g de las cuales saturadas 1.7g Hidratos de Carbono 72g de los cuales azúcares 0.7g Fibra alimentaria 1.5g Proteínas 7.9g Sal 3.1g Polialcoholes 0g,No disponible,"(20,71 €/KILO)"
Tortitas de maíz con queso y albahaca Bicentury bolsa 123 g,https://www.dia.es/galletas-bollos-y-cereales/tortitas/p/179407,https://www.dia.es/product_images/179407/179407_ISO_0_ES.jpg?imwidth=392,"2,29 €",Grasas 14g de las cuales saturadas 1.9g Hidratos de Carbono 71g de los cuales azúcares 4.3g Fibra alimentaria 2.7g Proteínas 6.8g Sal 1.1g,No disponible,"(18,62 €/KILO)"
Tortitas de arroz integral con chocolate negro 0% azúcares Bicentury bolsa 130 g,https://www.dia.es/galletas-bollos-y-cereales/tortitas/p/269876,https://www.dia.es/product_images/269876/269876_ISO_0_ES.jpg?imwidth=392,"2,95 €",Grasas 18g de las cuales saturadas 11g Hidratos de Carbono 66g de los cuales azúcares 1.4g Fibra alimentaria 4.7g Proteínas 6.8g Sal 0.01g Polialcoholes 23g,No disponible,"(22,69 €/KILO)"
Barrita proteína sabor chocolate blanco con stracciatella Just loading bolsa 35 g,https://www.dia.es/galletas-bollos-y-cereales/tortitas/p/256556,https://www.dia.es/product_images/256556/256556_ISO_0_ES.jpg?imwidth=392,"1,35 €",Grasas 9.6g de las cuales saturadas 4.8g Hidratos de Carbono 45.2g de los cuales azúcares 34.8g Fibra alimentaria 0.2g Proteínas 30.6g Sal 0.52g,No disponible,"(38,57 €/KILO)"
Tortitas de espelta bio Ecocesta bolsa 108 g,https://www.dia.es/galletas-bollos-y-cereales/tortitas/p/257255,https://www.dia.es/product_images/257255/257255_ISO_0_ES.jpg?imwidth=392,"1,79 €",Grasas 3.1g de las cuales saturadas 0.5g Hidratos de Carbono 67.36g de los cuales azúcares 4.4g Fibra alimentaria 7.4g Proteínas 15.9g Sal 0.04g,No disponible,"(16,57 €/KILO)"
Tortitas de arroz y quinoa Ecocesta bolsa 120 g,https://www.dia.es/galletas-bollos-y-cereales/tortitas/p/239441,https://www.dia.es/product_images/239441/239441_ISO_0_ES.jpg?imwidth=392,"1,79 €",Grasas 3g de las cuales saturadas 0.6g Hidratos de Carbono 77g de los cuales azúcares 2.7g Fibra alimentaria 5.6g Proteínas 8.5g Sal 0.56g,No disponible,"(14,92 €/KILO)"
Barritas de proteínas sabor brownie Just loading bolsa 35 g,https://www.dia.es/galletas-bollos-y-cereales/tortitas/p/277260,https://www.dia.es/product_images/277260/277260_ISO_0_ES.jpg?imwidth=392,"1,39 €",Grasas 11g de las cuales saturadas 4.3g Hidratos de Carbono 24.3g de los cuales azúcares 3.4g Fibra alimentaria 18.5g Proteínas 30.3g Sal 0.14g,No disponible,"(39,71 €/KILO)"
"Tortitas de maíz sabor setas, trufa y queso Bicentury bolsa 124 g",https://www.dia.es/galletas-bollos-y-cereales/tortitas/p/205539,https://www.dia.es/product_images/205539/205539_ISO_0_ES.jpg?imwidth=392,"2,59 €",Grasas 17g de las cuales saturadas 2.7g Hidratos de Carbono 69g de los cuales azúcares 2.8g Fibra alimentaria 2.3g Proteínas 6.5g Sal 1.2g,No disponible,"(20,89 €/KILO)"
Patatas fritas gourmet extra crujientes Snack Maniac de Dia bolsa 150 g,https://www.dia.es/patatas-fritas-encurtidos-y-frutos-secos/patatas-fritas-y-aperitivos/p/294394,https://www.dia.es/product_images/294394/294394_ISO_0_ES.jpg?imwidth=392,"1,35 €",Grasas 26.4g de las cuales saturadas 3.3g Hidratos de Carbono 54.6g de los cuales azúcares 0.5g Proteínas 7.4g Sal 1.1g,No disponible,"(9,00 €/KILO)"
Tiras de maíz Snack Maniac de Dia bolsa 150 g,https://www.dia.es/patatas-fritas-encurtidos-y-frutos-secos/patatas-fritas-y-aperitivos/p/1530,https://www.dia.es/product_images/1530/1530_ISO_0_ES.jpg?imwidth=392,"0,59 €",Grasas 32g de las cuales saturadas 2.9g Hidratos de Carbono 54.4g de los cuales azúcares 0.7g Proteínas 6.1g Sal 1.86g,No disponible,"(3,93 €/KILO)"
Nachos sabor a queso Snack Maniac de Dia bolsa 150 g,https://www.dia.es/patatas-fritas-encurtidos-y-frutos-secos/patatas-fritas-y-aperitivos/p/28828,https://www.dia.es/product_images/28828/28828_ISO_0_ES.jpg?imwidth=392,"0,95 €",Grasas 24g de las cuales saturadas 3.9g Hidratos de Carbono 61g de los cuales azúcares 2.1g Proteínas 6.8g Sal 1g,No disponible,"(6,33 €/KILO)"
Patatas fritas onduladas sabor jamón Snack Maniac de Dia bolsa 170 g,https://www.dia.es/patatas-fritas-encurtidos-y-frutos-secos/patatas-fritas-y-aperitivos/p/106431,https://www.dia.es/product_images/106431/106431_ISO_0_ES.jpg?imwidth=392,"1,36 €",Grasas 32g de las cuales saturadas 3.5g Hidratos de Carbono 48g de los cuales azúcares 1.1g Proteínas 7.8g Sal 1.6g,No disponible,"(8,00 €/KILO)"
Patatas fritas lisas al punto de sal Snack Maniac de Dia bolsa 200 g,https://www.dia.es/patatas-fritas-encurtidos-y-frutos-secos/patatas-fritas-y-aperitivos/p/33412,https://www.dia.es/product_images/33412/33412_ISO_0_ES.jpg?imwidth=392,"1,29 €",Grasas 34g de las cuales saturadas 4g Hidratos de Carbono 50g de los cuales azúcares 0.5g Proteínas 6.8g Sal 1.1g,No disponible,"(6,45 €/KILO)"
Snack hot goal Adri Contreras Snack Maniac de Dia bolsa 150 g,https://www.dia.es/patatas-fritas-encurtidos-y-frutos-secos/patatas-fritas-y-aperitivos/p/297220,https://www.dia.es/product_images/297220/297220_ISO_0_ES.jpg?imwidth=392,"1,50 €",Grasas 30.7g de las cuales saturadas 3.1g Hidratos de Carbono 55.9g de los cuales azúcares 0.9g Proteínas 5.3g Sal 1.71g,No disponible,"(10,00 €/KILO)"
Aperitivo de maíz horneado sabor a queso Cheetos bolsa 130 g,https://www.dia.es/patatas-fritas-encurtidos-y-frutos-secos/patatas-fritas-y-aperitivos/p/56174,https://www.dia.es/product_images/56174/56174_ISO_0_ES.jpg?imwidth=392,"1,89 €",Grasas 27.8g de las cuales saturadas 4g Hidratos de Carbono 61.4g de los cuales azúcares 6.5g Fibra alimentaria 1.4g Proteínas 5.4g Sal 1.6g,No disponible,"(14,54 €/KILO)"
Patatas artesanas a la sartén Snack Maniac de Dia bolsa 2 x 150 g,https://www.dia.es/patatas-fritas-encurtidos-y-frutos-secos/patatas-fritas-y-aperitivos/p/277827,https://www.dia.es/product_images/277827/277827_ISO_0_ES.jpg?imwidth=392,"1,80 €",Grasas 34g de las cuales saturadas 4g Hidratos de Carbono 50g de los cuales azúcares 0.5g Proteínas 6.8g Sal 1.1g,No disponible,"(6,00 €/KILO)"
Patatas fritas Santa Ana bolsa 150 g,https://www.dia.es/patatas-fritas-encurtidos-y-frutos-secos/patatas-fritas-y-aperitivos/p/56879,https://www.dia.es/product_images/56879/56879_ISO_0_ES.jpg?imwidth=392,"1,64 €",Grasas 27g de las cuales saturadas 3.3g Hidratos de Carbono 54g de los cuales azúcares 0.3g Fibra alimentaria 5.7g Proteínas 6.6g Sal 1.5g,No disponible,"(10,93 €/KILO)"
Patatas fritas campesinas Snack Maniac de Dia bolsa 170 g,https://www.dia.es/patatas-fritas-encurtidos-y-frutos-secos/patatas-fritas-y-aperitivos/p/106430,https://www.dia.es/product_images/106430/106430_ISO_0_ES.jpg?imwidth=392,"1,36 €",Grasas 34g de las cuales saturadas 3.8g Hidratos de Carbono 50g de los cuales azúcares 2.3g Proteínas 7.2g Sal 1g,No disponible,"(8,00 €/KILO)"
Aperitivo de maíz con sabor a mantequilla Jumpers bolsa 100 g,https://www.dia.es/patatas-fritas-encurtidos-y-frutos-secos/patatas-fritas-y-aperitivos/p/189130,https://www.dia.es/product_images/189130/189130_ISO_0_ES.jpg?imwidth=392,"1,30 €",Grasas 28g de las cuales saturadas 3.6g Hidratos de Carbono 66g de los cuales azúcares 5g Proteínas 6.1g Sal 1.7g,No disponible,"(13,00 €/KILO)"
Conos de maíz sabor queso y bacon Snack Maniac de Dia bolsa 100 g,https://www.dia.es/patatas-fritas-encurtidos-y-frutos-secos/patatas-fritas-y-aperitivos/p/16073,https://www.dia.es/product_images/16073/16073_ISO_0_ES.jpg?imwidth=392,"0,75 €",Grasas 28g de las cuales saturadas 3.5g Hidratos de Carbono 48.5g de los cuales azúcares 1.4g Proteínas 8.5g Sal 1.88g,No disponible,"(7,50 €/KILO)"
Patatas fritas onduladas sabor jamón y queso Ruffles bolsa 150 g,https://www.dia.es/patatas-fritas-encurtidos-y-frutos-secos/patatas-fritas-y-aperitivos/p/50463,https://www.dia.es/product_images/50463/50463_ISO_0_ES.jpg?imwidth=392,"1,99 €",Grasas 28.4g de las cuales saturadas 3.3g Hidratos de Carbono 54g de los cuales azúcares 3.2g Fibra alimentaria 3.5g Proteínas 6.2g Sal 1.6g,No disponible,"(13,27 €/KILO)"
Ganchitos sabor queso Snack Maniac de Dia bolsa 80 g,https://www.dia.es/patatas-fritas-encurtidos-y-frutos-secos/patatas-fritas-y-aperitivos/p/296683,https://www.dia.es/product_images/296683/296683_ISO_0_ES.jpg?imwidth=392,"0,70 €",Grasas 26g de las cuales saturadas 3.3g Hidratos de Carbono 65g de los cuales azúcares 0.1g Proteínas 5.9g Sal 1.56g,No disponible,"(8,75 €/KILO)"
Nachos naturales Snack Maniac de Dia bolsa 150 g,https://www.dia.es/patatas-fritas-encurtidos-y-frutos-secos/patatas-fritas-y-aperitivos/p/277828,https://www.dia.es/product_images/277828/277828_ISO_0_ES.jpg?imwidth=392,"0,90 €",Grasas 23g de las cuales saturadas 2.8g Hidratos de Carbono 60g de los cuales azúcares 1.8g Proteínas 6.2g Sal 0.9g,No disponible,"(6,00 €/KILO)"
Conos de maíz sabor a queso y bacon Lay's 3D's bolsa 100 g,https://www.dia.es/patatas-fritas-encurtidos-y-frutos-secos/patatas-fritas-y-aperitivos/p/247144,https://www.dia.es/product_images/247144/247144_ISO_0_ES.jpg?imwidth=392,"1,99 €",Grasas 28g de las cuales saturadas 3.6g Hidratos de Carbono 61g de los cuales azúcares 5.2g Fibra alimentaria 1.1g Proteínas 5.9g Sal 2.4g,No disponible,"(19,90 €/KILO)"
Patatas fritas onduladas Snack Maniac de Dia bolsa 180 g,https://www.dia.es/patatas-fritas-encurtidos-y-frutos-secos/patatas-fritas-y-aperitivos/p/122725,https://www.dia.es/product_images/122725/122725_ISO_0_ES.jpg?imwidth=392,"1,19 €",Grasas 34g de las cuales saturadas 4g Hidratos de Carbono 52g de los cuales azúcares 0.5g Proteínas 6g Sal 1.1g,No disponible,"(6,61 €/KILO)"
Patatas light Snack Maniac de Dia bolsa 150 g,https://www.dia.es/patatas-fritas-encurtidos-y-frutos-secos/patatas-fritas-y-aperitivos/p/277832,https://www.dia.es/product_images/277832/277832_ISO_0_ES.jpg?imwidth=392,"1,30 €",Grasas 17g de las cuales saturadas 2.2g Hidratos de Carbono 71g de los cuales azúcares 1.8g Proteínas 2.6g Sal 1.9g,No disponible,"(8,67 €/KILO)"
Aperitivo horneado con sabor a queso y ketchup Cheetos bolsa 96 g,https://www.dia.es/patatas-fritas-encurtidos-y-frutos-secos/patatas-fritas-y-aperitivos/p/101148,https://www.dia.es/product_images/101148/101148_ISO_0_ES.jpg?imwidth=392,"1,99 €",Grasas 29g de las cuales saturadas 2.7g Hidratos de Carbono 56g de los cuales azúcares 5.1g Fibra alimentaria 2.2g Proteínas 5.8g Sal 1.8g,No disponible,"(20,73 €/KILO)"
Cóctel de aperitivos Snack Maniac de Dia bolsa 200 g,https://www.dia.es/patatas-fritas-encurtidos-y-frutos-secos/patatas-fritas-y-aperitivos/p/41000,https://www.dia.es/product_images/41000/41000_ISO_0_ES.jpg?imwidth=392,"1,55 €",Grasas 25g de las cuales saturadas 1.1g Hidratos de Carbono 61g de los cuales azúcares 1.3g Proteínas 4.4g Sal 1.9g,No disponible,"(7,75 €/KILO)"
Aceitunas rellenas de anchoa Vegecampo de Dia lata 150 g,https://www.dia.es/patatas-fritas-encurtidos-y-frutos-secos/aceitunas-y-encurtidos/p/302,https://www.dia.es/product_images/302/302_ISO_0_ES.jpg?imwidth=392,"1,00 €",Grasas 15g de las cuales saturadas 3g Hidratos de Carbono 0g de los cuales azúcares 0g Proteínas 1.3g Sal 3.5g,No disponible,"(6,67 €/KILO)"
Pepinillos pequeños Vegecampo de Dia frasco 180 g,https://www.dia.es/patatas-fritas-encurtidos-y-frutos-secos/aceitunas-y-encurtidos/p/22472,https://www.dia.es/product_images/22472/22472_ISO_0_ES.jpg?imwidth=392,"1,17 €",Grasas 0.1g de las cuales saturadas 0g Hidratos de Carbono 1.3g de los cuales azúcares 0.9g Proteínas 0.6g Sal 2.5g,No disponible,"(6,50 €/KILO)"
Aceitunas negras sin hueso Vegecampo de Dia lata 150 g,https://www.dia.es/patatas-fritas-encurtidos-y-frutos-secos/aceitunas-y-encurtidos/p/142058,https://www.dia.es/product_images/142058/142058_ISO_0_ES.jpg?imwidth=392,"1,00 €",Grasas 13g de las cuales saturadas 2.2g Hidratos de Carbono 0g de los cuales azúcares 0g Proteínas 0.5g Sal 2g,No disponible,"(6,67 €/KILO)"
Aceitunas rellenas de anchoa Vegecampo de Dia lata 3 x 50 g,https://www.dia.es/patatas-fritas-encurtidos-y-frutos-secos/aceitunas-y-encurtidos/p/69057,https://www.dia.es/product_images/69057/69057_ISO_0_ES.jpg?imwidth=392,"1,60 €",Grasas 16g de las cuales saturadas 3g Hidratos de Carbono 0g de los cuales azúcares 0g Proteínas 1.3g Sal 3.2g,No disponible,"(10,67 €/KILO)"
Aceitunas verdes sin hueso Vegecampo de Dia frasco 400 g,https://www.dia.es/patatas-fritas-encurtidos-y-frutos-secos/aceitunas-y-encurtidos/p/142072,https://www.dia.es/product_images/142072/142072_ISO_0_ES.jpg?imwidth=392,"2,60 €",Grasas 17.7g de las cuales saturadas 3g Hidratos de Carbono 0g de los cuales azúcares 0g Proteínas 1g Sal 3.7g,No disponible,"(6,50 €/KILO)"
Pepinillos agridulces Vegecampo de Dia frasco 360 g,https://www.dia.es/patatas-fritas-encurtidos-y-frutos-secos/aceitunas-y-encurtidos/p/129845,https://www.dia.es/product_images/129845/129845_ISO_0_ES.jpg?imwidth=392,"1,50 €",Grasas 0.2g de las cuales saturadas 0g Hidratos de Carbono 6.9g de los cuales azúcares 5.9g Proteínas 0.9g Sal 1.5g,No disponible,"(4,17 €/KILO)"
Aceitunas chupadedos con hueso Vegecampo de Dia frasco 410 g,https://www.dia.es/patatas-fritas-encurtidos-y-frutos-secos/aceitunas-y-encurtidos/p/274032,https://www.dia.es/product_images/274032/274032_ISO_0_ES.jpg?imwidth=392,"2,80 €",Grasas 16.9g de las cuales saturadas 3.2g Hidratos de Carbono 3.6g de los cuales azúcares 0g Proteínas 0.7g Sal 1.7g,No disponible,"(6,83 €/KILO)"
Pepinillos sabor anchoa Vegecampo de Dia frasco 180 g,https://www.dia.es/patatas-fritas-encurtidos-y-frutos-secos/aceitunas-y-encurtidos/p/172952,https://www.dia.es/product_images/172952/172952_ISO_0_ES.jpg?imwidth=392,"1,29 €",Grasas 0.1g de las cuales saturadas 0g Hidratos de Carbono 2.4g de los cuales azúcares 1.6g Proteínas 1.5g Sal 3.5g,No disponible,"(7,17 €/KILO)"
Pepinillos y cebollitas Vegecampo de Dia frasco 380 g,https://www.dia.es/patatas-fritas-encurtidos-y-frutos-secos/aceitunas-y-encurtidos/p/142050,https://www.dia.es/product_images/142050/142050_ISO_0_ES.jpg?imwidth=392,"1,90 €",Grasas 0.2g de las cuales saturadas 0g Hidratos de Carbono 2.5g de los cuales azúcares 1.2g Proteínas 0.8g Sal 2.8g,No disponible,"(5,00 €/KILO)"
Aceitunas verdes sin hueso Vegecampo de Dia bolsa 3 x 75 g,https://www.dia.es/patatas-fritas-encurtidos-y-frutos-secos/aceitunas-y-encurtidos/p/116850,https://www.dia.es/product_images/116850/116850_ISO_0_ES.jpg?imwidth=392,"1,65 €",Grasas 17.7g de las cuales saturadas 3g Hidratos de Carbono 0g de los cuales azúcares 0g Proteínas 1g Sal 4.6g,No disponible,"(7,33 €/KILO)"
Altramuces Vegecampo de Dia frasco 265 g,https://www.dia.es/patatas-fritas-encurtidos-y-frutos-secos/aceitunas-y-encurtidos/p/292334,https://www.dia.es/product_images/292334/292334_ISO_0_ES.jpg?imwidth=392,"1,29 €",Grasas 1.2g de las cuales saturadas 0.2g Hidratos de Carbono 3.6g de los cuales azúcares 0g Proteínas 6.3g Sal 5.5g,No disponible,"(4,87 €/KILO)"
Guindillas en vinagre Vegecampo de Dia frasco 120 g,https://www.dia.es/patatas-fritas-encurtidos-y-frutos-secos/aceitunas-y-encurtidos/p/5129,https://www.dia.es/product_images/5129/5129_ISO_0_ES.jpg?imwidth=392,"1,39 €",Grasas 0.4g de las cuales saturadas 0.2g Hidratos de Carbono 6.4g de los cuales azúcares 0.3g Proteínas 2.3g Sal 3.3g,No disponible,"(11,58 €/KILO)"
Banderillas picantes Vegecampo de Dia frasco 140 g,https://www.dia.es/patatas-fritas-encurtidos-y-frutos-secos/aceitunas-y-encurtidos/p/142059,https://www.dia.es/product_images/142059/142059_ISO_0_ES.jpg?imwidth=392,"1,40 €",Grasas 1g de las cuales saturadas 0.2g Hidratos de Carbono 2.8g de los cuales azúcares 1g Proteínas 1.1g Sal 3.2g,No disponible,"(10,00 €/KILO)"
Aceitunas chupadedos verderonas Vegecampo de Dia lata 185 g,https://www.dia.es/patatas-fritas-encurtidos-y-frutos-secos/aceitunas-y-encurtidos/p/302190,https://www.dia.es/product_images/302190/302190_ISO_0_ES.jpg?imwidth=392,"1,70 €",Grasas 20g de las cuales saturadas 3.8g Hidratos de Carbono 0g de los cuales azúcares 0g Proteínas 1.4g Sal 2.6g Zinc 2mg Cobre 2mg,No disponible,"(9,19 €/KILO)"
Banderillas dulces Vegecampo de Dia frasco 140 g,https://www.dia.es/patatas-fritas-encurtidos-y-frutos-secos/aceitunas-y-encurtidos/p/72623,https://www.dia.es/product_images/72623/72623_ISO_0_ES.jpg?imwidth=392,"1,40 €",Grasas 1.4g de las cuales saturadas 0.2g Hidratos de Carbono 2.6g de los cuales azúcares 0.2g Proteínas 1g Sal 3.2g,No disponible,"(10,00 €/KILO)"
Aceitunas rellenas de anchoa suave Vegecampo de Dia lata 3 x 50 g,https://www.dia.es/patatas-fritas-encurtidos-y-frutos-secos/aceitunas-y-encurtidos/p/273617,https://www.dia.es/product_images/273617/273617_ISO_0_ES.jpg?imwidth=392,"1,80 €",Grasas 15g de las cuales saturadas 2.5g Hidratos de Carbono 0g de los cuales azúcares 0g Proteínas 1.4g Sal 2.3g,No disponible,"(12,00 €/KILO)"
Aceitunas gazpacha Vegecampo de Dia frasco 410 g,https://www.dia.es/patatas-fritas-encurtidos-y-frutos-secos/aceitunas-y-encurtidos/p/275224,https://www.dia.es/product_images/275224/275224_ISO_0_ES.jpg?imwidth=392,"2,45 €",Grasas 15g de las cuales saturadas 3g Hidratos de Carbono 0g de los cuales azúcares 0g Proteínas 0.9g Sal 4.5g,No disponible,"(5,98 €/KILO)"
Cebollitas en vinagre Vegecampo de Dia frasco 180 g,https://www.dia.es/patatas-fritas-encurtidos-y-frutos-secos/aceitunas-y-encurtidos/p/12576,https://www.dia.es/product_images/12576/12576_ISO_0_ES.jpg?imwidth=392,"1,52 €",Grasas 0.4g de las cuales saturadas 0g Hidratos de Carbono 2.4g de los cuales azúcares 2.3g Proteínas 1.2g Sal 1.8g,No disponible,"(8,44 €/KILO)"
Aceitunas verdes con hueso Vegecampo de Dia frasco 500 g,https://www.dia.es/patatas-fritas-encurtidos-y-frutos-secos/aceitunas-y-encurtidos/p/46239,https://www.dia.es/product_images/46239/46239_ISO_0_ES.jpg?imwidth=392,"2,60 €",Grasas 19g de las cuales saturadas 4g Hidratos de Carbono 0g de los cuales azúcares 0g Proteínas 1.1g Sal 3.5g,No disponible,"(5,20 €/KILO)"
Cóctel de encurtidos Vegecampo de Dia frasco 400 g,https://www.dia.es/patatas-fritas-encurtidos-y-frutos-secos/aceitunas-y-encurtidos/p/273620,https://www.dia.es/product_images/273620/273620_ISO_0_ES.jpg?imwidth=392,"2,60 €",Grasas 13g de las cuales saturadas 2g Hidratos de Carbono 0g de los cuales azúcares 0g Proteínas 0.9g Sal 3.2g,No disponible,"(6,50 €/KILO)"
Cacahuete frito salado Naturmundo de Dia bolsa 250 g,https://www.dia.es/patatas-fritas-encurtidos-y-frutos-secos/frutos-secos/p/23066,https://www.dia.es/product_images/23066/23066_ISO_0_ES.jpg?imwidth=392,"1,00 €",Grasas 51g de las cuales saturadas 5.6g Hidratos de Carbono 10g de los cuales azúcares 6.6g Fibra alimentaria 9g Proteínas 25g Sal 0.63g,No disponible,"(4,00 €/KILO)"
Nueces sin cáscara al natural Naturmundo de Dia bolsa 200 g,https://www.dia.es/patatas-fritas-encurtidos-y-frutos-secos/frutos-secos/p/214775,https://www.dia.es/product_images/214775/214775_ISO_0_ES.jpg?imwidth=392,"2,35 €",Grasas 62.4g de las cuales saturadas 5.7g Hidratos de Carbono 3.8g de los cuales azúcares 1.8g Proteínas 19.9g Sal 0.05g,No disponible,"(11,75 €/KILO)"
Mix de frutos secos clásico Naturmundo de Dia bolsa 200 g,https://www.dia.es/patatas-fritas-encurtidos-y-frutos-secos/frutos-secos/p/119605,https://www.dia.es/product_images/119605/119605_ISO_0_ES.jpg?imwidth=392,"2,75 €",Grasas 54.7g de las cuales saturadas 6.3g Hidratos de Carbono 14.1g de los cuales azúcares 4.4g Fibra alimentaria 8.9g Proteínas 17.6g Sal 0.6g,No disponible,"(13,75 €/KILO)"
Pistachos tostados con sal Naturmundo de Dia bolsa 250 g,https://www.dia.es/patatas-fritas-encurtidos-y-frutos-secos/frutos-secos/p/271642,https://www.dia.es/product_images/271642/271642_ISO_0_ES.jpg?imwidth=392,"3,35 €",Grasas 49.8g de las cuales saturadas 6.5g Hidratos de Carbono 9.4g de los cuales azúcares 6.2g Proteínas 24.9g Sal 0.57g Hierro 2.88mg,No disponible,"(13,40 €/KILO)"
Cacahuetes con cáscara tostados sin sal añadida Naturmundo de Dia bolsa 250 g,https://www.dia.es/patatas-fritas-encurtidos-y-frutos-secos/frutos-secos/p/301667,https://www.dia.es/product_images/301667/301667_ISO_0_ES.jpg?imwidth=392,"1,00 €",Grasas 46.2g de las cuales saturadas 9.7g Hidratos de Carbono 11g de los cuales azúcares 5.5g Fibra alimentaria 9.7g Proteínas 27g Sal 0.01g,No disponible,"(4,00 €/KILO)"
Anacardo al natural Naturmundo de Dia bolsa 200 g,https://www.dia.es/patatas-fritas-encurtidos-y-frutos-secos/frutos-secos/p/271641,https://www.dia.es/product_images/271641/271641_ISO_0_ES.jpg?imwidth=392,"2,35 €",Grasas 46g de las cuales saturadas 7.1g Hidratos de Carbono 30g de los cuales azúcares 6g Fibra alimentaria 3g Proteínas 18g Sal 0g Magnesio 250mg,No disponible,"(11,75 €/KILO)"
Almendras al natural con piel Naturmundo de Dia bolsa 200 g,https://www.dia.es/patatas-fritas-encurtidos-y-frutos-secos/frutos-secos/p/222910,https://www.dia.es/product_images/222910/222910_ISO_0_ES.jpg?imwidth=392,"2,09 €",Grasas 49.9g de las cuales saturadas 3.8g Hidratos de Carbono 9g de los cuales azúcares 3.8g Proteínas 21.2g Sal 0g Calcio 216mg,No disponible,"(10,45 €/KILO)"
Anacardos fritos Naturmundo de Dia bolsa 200 g,https://www.dia.es/patatas-fritas-encurtidos-y-frutos-secos/frutos-secos/p/275650,https://www.dia.es/product_images/275650/275650_ISO_0_ES.jpg?imwidth=392,"2,40 €",Grasas 50g de las cuales saturadas 9.1g Hidratos de Carbono 20.5g de los cuales azúcares 6.1g Proteínas 20g Sal 1g Magnesio 255mg,No disponible,"(12,00 €/KILO)"
Almendras fritas saladas Naturmundo de Dia bolsa 200 g,https://www.dia.es/patatas-fritas-encurtidos-y-frutos-secos/frutos-secos/p/220831,https://www.dia.es/product_images/220831/220831_ISO_0_ES.jpg?imwidth=392,"2,55 €",Grasas 57g de las cuales saturadas 5.4g Hidratos de Carbono 3.3g de los cuales azúcares 3.2g Fibra alimentaria 7.8g Proteínas 23g Sal 0.28g,No disponible,"(12,75 €/KILO)"
Castañas malla 500 g,https://www.dia.es/patatas-fritas-encurtidos-y-frutos-secos/frutos-secos/p/260924,https://www.dia.es/product_images/260924/260924_ISO_0_ES.jpg?imwidth=392,"3,49 €",No disponible,No disponible,"(6,98 €/KILO)"
Palomitas sabor mantequilla Snack Maniac de Dia caja 270 g,https://www.dia.es/patatas-fritas-encurtidos-y-frutos-secos/frutos-secos/p/129665,https://www.dia.es/product_images/129665/129665_ISO_0_ES.jpg?imwidth=392,"1,35 €",Grasas 16g de las cuales saturadas 7.5g Hidratos de Carbono 50.5g de los cuales azúcares 1.2g Proteínas 8g Sal 3g,No disponible,"(5,00 €/KILO)"
Pistachos tostados sin sal Naturmundo de Dia bolsa 250 g,https://www.dia.es/patatas-fritas-encurtidos-y-frutos-secos/frutos-secos/p/271643,https://www.dia.es/product_images/271643/271643_ISO_0_ES.jpg?imwidth=392,"3,35 €",Grasas 47g de las cuales saturadas 5.7g Hidratos de Carbono 15g de los cuales azúcares 6.9g Proteínas 23g Sal 0.21g,No disponible,"(13,40 €/KILO)"
Cacahuetes fritos con miel Snack Maniac de Dia bolsa 200 g,https://www.dia.es/patatas-fritas-encurtidos-y-frutos-secos/frutos-secos/p/277767,https://www.dia.es/product_images/277767/277767_ISO_0_ES.jpg?imwidth=392,"1,65 €",Grasas 44g de las cuales saturadas 5.7g Hidratos de Carbono 23g de los cuales azúcares 15g Fibra alimentaria 5.6g Proteínas 22g Sal 0.8g,No disponible,"(8,25 €/KILO)"
Mix de frutos secos relax Naturmundo de Dia bolsa 40 g,https://www.dia.es/patatas-fritas-encurtidos-y-frutos-secos/frutos-secos/p/292503,https://www.dia.es/product_images/292503/292503_ISO_0_ES.jpg?imwidth=392,"0,85 €",Grasas 20g de las cuales saturadas 2.6g Hidratos de Carbono 54g de los cuales azúcares 41g Proteínas 8.7g Sal 0.1g,No disponible,"(21,25 €/KILO)"
Frutos secos clasic Snack Maniac de Dia bolsa 250 g,https://www.dia.es/patatas-fritas-encurtidos-y-frutos-secos/frutos-secos/p/285872,https://www.dia.es/product_images/285872/285872_ISO_0_ES.jpg?imwidth=392,"1,85 €",Grasas 25g de las cuales saturadas 4.2g Hidratos de Carbono 48.7g de los cuales azúcares 2.3g Proteínas 12.7g Sal 1.17g,No disponible,"(7,40 €/KILO)"
Palomitas al punto de sal microondas Popitas caja 300 g,https://www.dia.es/patatas-fritas-encurtidos-y-frutos-secos/frutos-secos/p/64783,https://www.dia.es/product_images/64783/64783_ISO_0_ES.jpg?imwidth=392,"2,39 €",Grasas 15g de las cuales saturadas 7g Hidratos de Carbono 62g de los cuales azúcares 0.5g Proteínas 8g Sal 2.5g,No disponible,"(7,97 €/KILO)"
Cocktail frutos secos Snack Maniac de Dia bolsa 500 g,https://www.dia.es/patatas-fritas-encurtidos-y-frutos-secos/frutos-secos/p/129666,https://www.dia.es/product_images/129666/129666_ISO_0_ES.jpg?imwidth=392,"2,67 €",Grasas 34.3g de las cuales saturadas 4.4g Hidratos de Carbono 30.8g de los cuales azúcares 2.8g Proteínas 24.3g Sal 0.9g,No disponible,"(5,34 €/KILO)"
Mix de frutos secos naturales Naturmundo de Dia bolsa 200 g,https://www.dia.es/patatas-fritas-encurtidos-y-frutos-secos/frutos-secos/p/292500,https://www.dia.es/product_images/292500/292500_ISO_0_ES.jpg?imwidth=392,"2,45 €",Grasas 54.4g de las cuales saturadas 4.8g Hidratos de Carbono 7.6g de los cuales azúcares 3g Proteínas 19.5g Sal 0g,No disponible,"(12,25 €/KILO)"
Pipas G con sal Grefusa bolsa 165 g,https://www.dia.es/patatas-fritas-encurtidos-y-frutos-secos/frutos-secos/p/99132,https://www.dia.es/product_images/99132/99132_ISO_0_ES.jpg?imwidth=392,"1,75 €",Grasas 22g de las cuales saturadas 2.4g Hidratos de Carbono 1.4g de los cuales azúcares 0.8g Fibra alimentaria 3.8g Proteínas 13g Sal 10g Magnesio 173mg Fósforo 386mg,No disponible,"(10,61 €/KILO)"
Nuez pelada Borges bolsa 130 g,https://www.dia.es/patatas-fritas-encurtidos-y-frutos-secos/frutos-secos/p/79178,https://www.dia.es/product_images/79178/79178_ISO_0_ES.jpg?imwidth=392,"2,90 €",Grasas 63g de las cuales saturadas 6.4g de las cuales monoinsaturadas 9.8g de las cuales poliinsaturadas 46g Hidratos de Carbono 2.8g de los cuales azúcares 2.3g Fibra alimentaria 6.1g Proteínas 15g Sal 0.01g Hierro 2.5mg Magnesio 153mg Fósforo 341mg,No disponible,"(22,31 €/KILO)"
Pizza jamón y queso Al Punto Dia bandeja 400 g,https://www.dia.es/pizzas-y-platos-preparados/pizzas/p/30479,https://www.dia.es/product_images/30479/30479_ISO_0_ES.jpg?imwidth=392,"2,41 €",Grasas 7.5g de las cuales saturadas 3.7g Hidratos de Carbono 26g de los cuales azúcares 2.8g Proteínas 12g Sal 1.8g,No disponible,"(6,03 €/KILO)"
Pizza barbacoa Al Punto Dia bandeja 425 g,https://www.dia.es/pizzas-y-platos-preparados/pizzas/p/263619,https://www.dia.es/product_images/263619/263619_ISO_0_ES.jpg?imwidth=392,"2,59 €",Grasas 8.1g de las cuales saturadas 3.7g Hidratos de Carbono 31g de los cuales azúcares 5.9g Proteínas 10g Sal 1.7g,No disponible,"(6,09 €/KILO)"
Pizza 4 quesos Al Punto Dia bandeja 390 g,https://www.dia.es/pizzas-y-platos-preparados/pizzas/p/56444,https://www.dia.es/product_images/56444/56444_ISO_0_ES.jpg?imwidth=392,"2,69 €",Grasas 12g de las cuales saturadas 6.5g Hidratos de Carbono 31g de los cuales azúcares 3g Proteínas 13g Sal 1.4g,No disponible,"(6,90 €/KILO)"
Pizza carbonara Al Punto Dia bandeja 400 g,https://www.dia.es/pizzas-y-platos-preparados/pizzas/p/119533,https://www.dia.es/product_images/119533/119533_ISO_0_ES.jpg?imwidth=392,"2,69 €",Grasas 9.4g de las cuales saturadas 4.8g Hidratos de Carbono 28.2g de los cuales azúcares 2.6g Proteínas 11.4g Sal 1.4g,No disponible,"(6,73 €/KILO)"
Pizza atún y bacon Al Punto Dia bandeja 400 g,https://www.dia.es/pizzas-y-platos-preparados/pizzas/p/30480,https://www.dia.es/product_images/30480/30480_ISO_0_ES.jpg?imwidth=392,"2,69 €",Grasas 8.3g de las cuales saturadas 3.6g Hidratos de Carbono 29g de los cuales azúcares 3.3g Proteínas 12g Sal 1.5g,No disponible,"(6,73 €/KILO)"
Pizza jamón y queso Casa Tarradellas bandeja 2 x 225 g,https://www.dia.es/pizzas-y-platos-preparados/pizzas/p/44925,https://www.dia.es/product_images/44925/44925_ISO_0_ES.jpg?imwidth=392,"3,19 €",Grasas 7.5g de las cuales saturadas 3.4g Hidratos de Carbono 25.2g de los cuales azúcares 1.6g Proteínas 14g Sal 1.5g,No disponible,"(7,09 €/KILO)"
Pizza smoky grilled pork Al Punto Dia bandeja 480 g,https://www.dia.es/pizzas-y-platos-preparados/pizzas/p/298845,https://www.dia.es/product_images/298845/298845_ISO_0_ES.jpg?imwidth=392,"2,99 €",Grasas 6.7g de las cuales saturadas 2.2g Hidratos de Carbono 36.9g de los cuales azúcares 7.5g Proteínas 9.4g Sal 1.6g,No disponible,"(6,23 €/KILO)"
Pizza pollo Al Punto Dia bandeja 400 g,https://www.dia.es/pizzas-y-platos-preparados/pizzas/p/168839,https://www.dia.es/product_images/168839/168839_ISO_0_ES.jpg?imwidth=392,"2,69 €",Grasas 6.3g de las cuales saturadas 3g Hidratos de Carbono 26.5g de los cuales azúcares 2.5g Proteínas 10.8g Sal 1.3g,No disponible,"(6,73 €/KILO)"
Pizza serrana Al Punto Dia bandeja 390 g,https://www.dia.es/pizzas-y-platos-preparados/pizzas/p/226508,https://www.dia.es/product_images/226508/226508_ISO_0_ES.jpg?imwidth=392,"2,69 €",Grasas 10g de las cuales saturadas 4.5g Hidratos de Carbono 29g de los cuales azúcares 2.9g Proteínas 15g Sal 2g,No disponible,"(6,90 €/KILO)"
Pizza 4 quesos Casa Tarradellas bandeja 390 g,https://www.dia.es/pizzas-y-platos-preparados/pizzas/p/39962,https://www.dia.es/product_images/39962/39962_ISO_0_ES.jpg?imwidth=392,"3,19 €",Grasas 11g de las cuales saturadas 6.8g Hidratos de Carbono 27.6g de los cuales azúcares 2.2g Proteínas 14.4g Sal 1.4g,No disponible,"(8,18 €/KILO)"
Pizza jamón y queso Casa Tarradellas bandeja 405 g,https://www.dia.es/pizzas-y-platos-preparados/pizzas/p/24712,https://www.dia.es/product_images/24712/24712_ISO_0_ES.jpg?imwidth=392,"3,19 €",Grasas 7.5g de las cuales saturadas 3.4g Hidratos de Carbono 25.2g de los cuales azúcares 1.6g Proteínas 14g Sal 1.5g,No disponible,"(7,88 €/KILO)"
Pizza chicken cream cheese Al Punto Dia bandeja 460 g,https://www.dia.es/pizzas-y-platos-preparados/pizzas/p/298846,https://www.dia.es/product_images/298846/298846_ISO_0_ES.jpg?imwidth=392,"2,99 €",Grasas 32.2g de las cuales saturadas 1.5g Hidratos de Carbono 9.9g de los cuales azúcares 6.2g Proteínas 3.5g Sal 1.7g,No disponible,"(6,50 €/KILO)"
Pizza carbonara Casa Tarradellas bandeja 400 g,https://www.dia.es/pizzas-y-platos-preparados/pizzas/p/56021,https://www.dia.es/product_images/56021/56021_ISO_0_ES.jpg?imwidth=392,"3,19 €",Grasas 9.1g de las cuales saturadas 5g Hidratos de Carbono 29.8g de los cuales azúcares 3g Proteínas 12.1g Sal 1.5g,No disponible,"(7,98 €/KILO)"
Pizza atún y bacon Casa Tarradellas bandeja 405 g,https://www.dia.es/pizzas-y-platos-preparados/pizzas/p/18126,https://www.dia.es/product_images/18126/18126_ISO_0_ES.jpg?imwidth=392,"3,19 €",Grasas 11g de las cuales saturadas 4.9g Hidratos de Carbono 27g de los cuales azúcares 1.6g Proteínas 14g Sal 1.4g,No disponible,"(7,88 €/KILO)"
Pizza pollo Casa Tarradellas bandeja 410 g,https://www.dia.es/pizzas-y-platos-preparados/pizzas/p/135422,https://www.dia.es/product_images/135422/135422_ISO_0_ES.jpg?imwidth=392,"3,19 €",Grasas 7.1g de las cuales saturadas 4.1g Hidratos de Carbono 27g de los cuales azúcares 4.6g Proteínas 14g Sal 1.5g,No disponible,"(7,78 €/KILO)"
Pizza jamón serrano Casa Tarradellas bandeja 390 g,https://www.dia.es/pizzas-y-platos-preparados/pizzas/p/28077,https://www.dia.es/product_images/28077/28077_ISO_0_ES.jpg?imwidth=392,"3,19 €",Grasas 9.4g de las cuales saturadas 4.9g Hidratos de Carbono 28.6g de los cuales azúcares 2.4g Proteínas 15.5g Sal 1.8g,No disponible,"(8,18 €/KILO)"
Fabada asturiana Al Punto Dia lata 435 g,https://www.dia.es/pizzas-y-platos-preparados/precocinados-envasados/p/47840,https://www.dia.es/product_images/47840/47840_ISO_0_ES.jpg?imwidth=392,"1,00 €",Grasas 8.5g de las cuales saturadas 2.6g Hidratos de Carbono 11g de los cuales azúcares 1g Proteínas 6g Sal 0.9g,No disponible,"(2,30 €/KILO)"
Lentejas con chorizo Al Punto Dia lata 415 g,https://www.dia.es/pizzas-y-platos-preparados/precocinados-envasados/p/27933,https://www.dia.es/product_images/27933/27933_ISO_0_ES.jpg?imwidth=392,"1,00 €",Grasas 8.5g de las cuales saturadas 2.1g Hidratos de Carbono 9.3g de los cuales azúcares 0.6g Proteínas 5.1g Sal 0.81g,No disponible,"(2,41 €/KILO)"
Tiras de pollo braseado Nuestra Alacena de Dia bandeja 2 x 65 g,https://www.dia.es/pizzas-y-platos-preparados/precocinados-envasados/p/302213,https://www.dia.es/product_images/302213/302213_ISO_0_ES.jpg?imwidth=392,"1,95 €",Grasas 2g de las cuales saturadas 0.7g Hidratos de Carbono 0.5g de los cuales azúcares 0.5g Proteínas 20.8g Sal 1.9g,No disponible,"(15,00 €/KILO)"
Hummus clásico Al Punto Dia tarrina 220 g,https://www.dia.es/pizzas-y-platos-preparados/precocinados-envasados/p/278849,https://www.dia.es/product_images/278849/278849_ISO_0_ES.jpg?imwidth=392,"1,00 €",Grasas 18.4g de las cuales saturadas 2.5g Hidratos de Carbono 11.1g de los cuales azúcares 0.7g Proteínas 7.6g Sal 0.6g,No disponible,"(4,55 €/KILO)"
Albóndigas Al Punto Dia lata 415 g,https://www.dia.es/pizzas-y-platos-preparados/precocinados-envasados/p/6630,https://www.dia.es/product_images/6630/6630_ISO_0_ES.jpg?imwidth=392,"1,68 €",Grasas 12g de las cuales saturadas 4.8g Hidratos de Carbono 2g de los cuales azúcares 0.5g Proteínas 12g Sal 1.2g,No disponible,"(4,05 €/KILO)"
Flautas de pollo y 2 quesos Al Punto Dia bandeja 275 g,https://www.dia.es/pizzas-y-platos-preparados/precocinados-envasados/p/296199,https://www.dia.es/product_images/296199/296199_ISO_0_ES.jpg?imwidth=392,"1,95 €",Grasas 7g de las cuales saturadas 3.6g Hidratos de Carbono 30g de los cuales azúcares 1.4g Proteínas 15.1g Sal 2.31g,No disponible,"(7,09 €/KILO)"
Flautas de carne y salsa barbacoa con bacon Al Punto Dia bandeja 275 g,https://www.dia.es/pizzas-y-platos-preparados/precocinados-envasados/p/296201,https://www.dia.es/product_images/296201/296201_ISO_0_ES.jpg?imwidth=392,"1,95 €",Grasas 9.5g de las cuales saturadas 3.4g Hidratos de Carbono 31.7g de los cuales azúcares 3g Proteínas 10.1g Sal 1.84g,No disponible,"(7,09 €/KILO)"
Volantinas con queso Al Punto Dia sobre 145 g,https://www.dia.es/pizzas-y-platos-preparados/precocinados-envasados/p/140744,https://www.dia.es/product_images/140744/140744_ISO_0_ES.jpg?imwidth=392,"1,00 €",Grasas 8.2g de las cuales saturadas 4.3g Hidratos de Carbono 65g de los cuales azúcares 9.5g Proteínas 13.4g Sal 3.1g,No disponible,"(6,90 €/KILO)"
Fusilli a la carbonara Al Punto Dia sobre 145 g,https://www.dia.es/pizzas-y-platos-preparados/precocinados-envasados/p/285827,https://www.dia.es/product_images/285827/285827_ISO_0_ES.jpg?imwidth=392,"1,00 €",Grasas 10g de las cuales saturadas 5.1g Hidratos de Carbono 64g de los cuales azúcares 10g Proteínas 13g Sal 2.5g,No disponible,"(6,90 €/KILO)"
Flautas de bacon y 2 quesos Al Punto Dia bandeja 275 g,https://www.dia.es/pizzas-y-platos-preparados/precocinados-envasados/p/296200,https://www.dia.es/product_images/296200/296200_ISO_0_ES.jpg?imwidth=392,"1,95 €",Grasas 12g de las cuales saturadas 5.1g Hidratos de Carbono 29.8g de los cuales azúcares 1.6g Proteínas 8.7g Sal 2.04g,No disponible,"(7,09 €/KILO)"
Migas con chorizo Al Punto Dia bandeja 250 g,https://www.dia.es/pizzas-y-platos-preparados/precocinados-envasados/p/223269,https://www.dia.es/product_images/223269/223269_ISO_0_ES.jpg?imwidth=392,"1,89 €",Grasas 12g de las cuales saturadas 2.3g Hidratos de Carbono 44g de los cuales azúcares 2.3g Proteínas 7.3g Sal 2.2g,No disponible,"(7,56 €/KILO)"
Lasaña boloñesa Al Punto Dia bandeja 350 g,https://www.dia.es/pizzas-y-platos-preparados/precocinados-envasados/p/266359,https://www.dia.es/product_images/266359/266359_ISO_0_ES.jpg?imwidth=392,"2,56 €",Grasas 9.2g de las cuales saturadas 3.1g Hidratos de Carbono 14g de los cuales azúcares 2.3g Proteínas 7.2g Sal 0.84g,No disponible,"(7,31 €/KILO)"
Cocido madrileño Al Punto Dia lata 425 g,https://www.dia.es/pizzas-y-platos-preparados/precocinados-envasados/p/49694,https://www.dia.es/product_images/49694/49694_ISO_0_ES.jpg?imwidth=392,"1,77 €",Grasas 8.5g de las cuales saturadas 2.6g Hidratos de Carbono 11g de los cuales azúcares 1g Proteínas 6g Sal 0.9g,No disponible,"(4,16 €/KILO)"
Gyozas de pollo y verduras al teppanyaki Al Punto Dia bandeja 140 g,https://www.dia.es/pizzas-y-platos-preparados/precocinados-envasados/p/266806,https://www.dia.es/product_images/266806/266806_ISO_0_ES.jpg?imwidth=392,"2,95 €",Grasas 3.8g de las cuales saturadas 1.3g Hidratos de Carbono 28.9g de los cuales azúcares 3.6g Proteínas 2.8g Sal 1g,No disponible,"(21,07 €/KILO)"
Ensaladilla rusa Al Punto Dia bandeja 250 g,https://www.dia.es/pizzas-y-platos-preparados/precocinados-envasados/p/264423,https://www.dia.es/product_images/264423/264423_ISO_0_ES.jpg?imwidth=392,"1,79 €",Grasas 29.6g de las cuales saturadas 1.9g Hidratos de Carbono 8.1g de los cuales azúcares 1.5g Proteínas 4.5g Sal 1.29g,No disponible,"(7,16 €/KILO)"
Redondo de pollo asado relleno de bacon La carloteña bolsa 250 g,https://www.dia.es/pizzas-y-platos-preparados/precocinados-envasados/p/209533,https://www.dia.es/product_images/209533/209533_ISO_0_ES.jpg?imwidth=392,"2,75 €",Grasas 8g de las cuales saturadas 2g Hidratos de Carbono 1g de los cuales azúcares 1g Proteínas 20g Sal 2g,No disponible,"(11,00 €/KILO)"
Fabada asturiana Al Punto Dia lata 865 g,https://www.dia.es/pizzas-y-platos-preparados/precocinados-envasados/p/119818,https://www.dia.es/product_images/119818/119818_ISO_0_ES.jpg?imwidth=392,"2,82 €",Grasas 8.5g de las cuales saturadas 2.6g Hidratos de Carbono 11g de los cuales azúcares 1g Proteínas 6g Sal 0.9g,No disponible,"(3,26 €/KILO)"
Fabada asturiana Litoral lata 420 g,https://www.dia.es/pizzas-y-platos-preparados/precocinados-envasados/p/603,https://www.dia.es/product_images/603/603_ISO_0_ES.jpg?imwidth=392,"2,50 €",Grasas 8.7g de las cuales saturadas 3.2g Hidratos de Carbono 7.6g de los cuales azúcares 0.8g Fibra alimentaria 5.1g Proteínas 6.5g Sal 0.81g,No disponible,"(5,95 €/KILO)"
Pollo asado entero Al Punto Dia bandeja 900 g,https://www.dia.es/pizzas-y-platos-preparados/precocinados-envasados/p/263463,https://www.dia.es/product_images/263463/263463_ISO_0_ES.jpg?imwidth=392,"5,89 €",Grasas 6.2g de las cuales saturadas 2g Hidratos de Carbono 0.5g de los cuales azúcares 0.5g Proteínas 27g Sal 1.3g,No disponible,"(6,54 €/KILO)"
Codillo asado con patatas Al Punto Dia bandeja 450 g,https://www.dia.es/pizzas-y-platos-preparados/precocinados-envasados/p/280346,https://www.dia.es/product_images/280346/280346_ISO_0_ES.jpg?imwidth=392,"3,19 €",Grasas 3.4g de las cuales saturadas 1.1g Hidratos de Carbono 3g de los cuales azúcares 0.75g Proteínas 18.1g Sal 1.5g,No disponible,"(7,09 €/KILO)"
Tortillas trigo Al Punto Dia bolsa 320 g,https://www.dia.es/panes-harinas-y-masas/pan-de-molde-perritos-y-hamburguesas/p/13356,https://www.dia.es/product_images/13356/13356_ISO_0_ES.jpg?imwidth=392,"1,07 €",Grasas 0.5g de las cuales saturadas 0.1g Hidratos de Carbono 11.1g de los cuales azúcares 5.2g Proteínas 1.5g Sal 2.41g,No disponible,"(3,34 €/KILO)"
Noodles orientales sabor pollo Al Punto Dia vaso 65 g,https://www.dia.es/pizzas-y-platos-preparados/comida-internacional/p/218533,https://www.dia.es/product_images/218533/218533_ISO_0_ES.jpg?imwidth=392,"0,85 €",Grasas 20g de las cuales saturadas 2.5g Hidratos de Carbono 60g de los cuales azúcares 2.5g Proteínas 8.5g Sal 6.2g,No disponible,"(13,08 €/KILO)"
Tortilla integral Al Punto Dia bolsa 320 g,https://www.dia.es/panes-harinas-y-masas/pan-de-molde-perritos-y-hamburguesas/p/285410,https://www.dia.es/product_images/285410/285410_ISO_0_ES.jpg?imwidth=392,"1,47 €",No disponible,No disponible,"(4,59 €/KILO)"
Rollitos de primavera Al Punto Dia bandeja 280 g,https://www.dia.es/pizzas-y-platos-preparados/comida-internacional/p/298950,https://www.dia.es/product_images/298950/298950_ISO_0_ES.jpg?imwidth=392,"2,45 €",Grasas 2g de las cuales saturadas 0.3g Hidratos de Carbono 25g de los cuales azúcares 7.2g Proteínas 4g Sal 1.6g,No disponible,"(8,75 €/KILO)"
Noodles sabor pollo Al Punto Dia sobre 85 g,https://www.dia.es/pizzas-y-platos-preparados/precocinados-envasados/p/147389,https://www.dia.es/product_images/147389/147389_ISO_0_ES.jpg?imwidth=392,"0,99 €",Grasas 3.3g de las cuales saturadas 1.7g Hidratos de Carbono 11g de los cuales azúcares 0.1g Proteínas 1.9g Sal 0.52g,No disponible,"(11,65 €/KILO)"
Noodles orientales sabor verduras Al Punto Dia vaso 65 g,https://www.dia.es/pizzas-y-platos-preparados/comida-internacional/p/218534,https://www.dia.es/product_images/218534/218534_ISO_0_ES.jpg?imwidth=392,"0,85 €",Grasas 20g de las cuales saturadas 2.5g Hidratos de Carbono 60g de los cuales azúcares 2.5g Proteínas 8.6g Sal 6.3g,No disponible,"(13,08 €/KILO)"
Gyozas de pollo y verduras al teppanyaki Al Punto Dia bandeja 140 g,https://www.dia.es/pizzas-y-platos-preparados/precocinados-envasados/p/266806,https://www.dia.es/product_images/266806/266806_ISO_0_ES.jpg?imwidth=392,"2,95 €",Grasas 3.8g de las cuales saturadas 1.3g Hidratos de Carbono 28.9g de los cuales azúcares 3.6g Proteínas 2.8g Sal 1g,No disponible,"(21,07 €/KILO)"
Salsa en polvo Tajín frasco 142 g,https://www.dia.es/pizzas-y-platos-preparados/comida-internacional/p/291366,https://www.dia.es/product_images/291366/291366_ISO_0_ES.jpg?imwidth=392,"3,30 €",Grasas 2.3g de las cuales saturadas 0.5g Hidratos de Carbono 29.3g de los cuales azúcares 0g Fibra alimentaria 9.2g Proteínas 3.6g Sal 48.4g,No disponible,"(23,24 €/KILO)"
Sazonador para fajitas Al Punto Dia sobre 30 g,https://www.dia.es/pizzas-y-platos-preparados/comida-internacional/p/141624,https://www.dia.es/product_images/141624/141624_ISO_0_ES.jpg?imwidth=392,"0,89 €",Grasas 1.7g de las cuales saturadas 0.1g Hidratos de Carbono 64.4g de los cuales azúcares 1.3g Proteínas 9.2g Sal 15.13g,No disponible,"(29,67 €/KILO)"
Noodles sabor gamba Al Punto Dia sobre 85 g,https://www.dia.es/pizzas-y-platos-preparados/comida-internacional/p/177647,https://www.dia.es/product_images/177647/177647_ISO_0_ES.jpg?imwidth=392,"0,99 €",Grasas 3.2g de las cuales saturadas 1.6g Hidratos de Carbono 11g de los cuales azúcares 0.1g Proteínas 1.9g Sal 0.52g,No disponible,"(11,65 €/KILO)"
Pasta oriental fusian sabor pollo Maggi sobre 71 g,https://www.dia.es/pizzas-y-platos-preparados/comida-internacional/p/16357,https://www.dia.es/product_images/16357/16357_ISO_0_ES.jpg?imwidth=392,"0,99 €",Grasas 4.4g de las cuales saturadas 0.3g Hidratos de Carbono 16.8g de los cuales azúcares 0.7g Fibra alimentaria 0.7g Proteínas 2.8g Sal 0.81g,No disponible,"(13,94 €/KILO)"
Fajitas Al Punto Dia bandeja 275 g,https://www.dia.es/pizzas-y-platos-preparados/precocinados-envasados/p/296202,https://www.dia.es/product_images/296202/296202_ISO_0_ES.jpg?imwidth=392,"1,95 €",Grasas 10.5g de las cuales saturadas 3.9g Hidratos de Carbono 30.7g de los cuales azúcares 1.5g Proteínas 8.8g Sal 1.67g,No disponible,"(7,09 €/KILO)"
Fideos orientales pollo Gallina Blanca Yatekomo bote 2 x 60 g,https://www.dia.es/pizzas-y-platos-preparados/comida-internacional/p/235248,https://www.dia.es/product_images/235248/235248_ISO_0_ES.jpg?imwidth=392,"3,05 €",Grasas 4g de las cuales saturadas 2.3g Hidratos de Carbono 11g de los cuales azúcares 0.6g Fibra alimentaria 0.7g Proteínas 1.6g Sal 0.76g,No disponible,"(25,42 €/KILO)"
Fideos de arroz vermicelli Tiger Khan bolsa 250 g,https://www.dia.es/pizzas-y-platos-preparados/comida-internacional/p/189076,https://www.dia.es/product_images/189076/189076_ISO_0_ES.jpg?imwidth=392,"2,35 €",Grasas 1g de las cuales saturadas 0.4g Hidratos de Carbono 75g de los cuales azúcares 0g Proteínas 6.9g Sal 0.02g,No disponible,"(9,40 €/KILO)"
Fideos orientales pollo con soja Gallina Blanca sobre 82 g,https://www.dia.es/pizzas-y-platos-preparados/comida-internacional/p/162857,https://www.dia.es/product_images/162857/162857_ISO_0_ES.jpg?imwidth=392,"1,00 €",Grasas 6.5g de las cuales saturadas 3.3g Hidratos de Carbono 24g de los cuales azúcares 0.7g Fibra alimentaria 0.8g Proteínas 3.7g Sal 1.3g,No disponible,"(12,66 €/KILO)"
Fideos orientales yakisoba Gallina Blanca Yatekomo bolsa 93 g,https://www.dia.es/pizzas-y-platos-preparados/comida-internacional/p/228642,https://www.dia.es/product_images/228642/228642_ISO_0_ES.jpg?imwidth=392,"1,59 €",Grasas 8.1g de las cuales saturadas 3.3g Hidratos de Carbono 23g de los cuales azúcares 1.3g Fibra alimentaria 1.6g Proteínas 3.8g Sal 1.1g,No disponible,"(17,10 €/KILO)"
Fideos tradicionales Tiger Khan bolsa 400 g,https://www.dia.es/pizzas-y-platos-preparados/comida-internacional/p/280340,https://www.dia.es/product_images/280340/280340_ISO_0_ES.jpg?imwidth=392,"3,35 €",Grasas 1g de las cuales saturadas 0.5g Hidratos de Carbono 75g de los cuales azúcares 2g Proteínas 12g Sal 1.5g,No disponible,"(8,38 €/KILO)"
Fideos orientales pollo Gallina Blanca Yatekomo vaso 60 g,https://www.dia.es/pizzas-y-platos-preparados/comida-internacional/p/160612,https://www.dia.es/product_images/160612/160612_ISO_0_ES.jpg?imwidth=392,"1,55 €",Grasas 4g de las cuales saturadas 2.3g Hidratos de Carbono 11g de los cuales azúcares 0.6g Fibra alimentaria 0.7g Proteínas 1.6g Sal 0.76g,No disponible,"(25,83 €/KILO)"
Gyozas de langostino al teppanyaki Al Punto Dia bandeja 140 g,https://www.dia.es/pizzas-y-platos-preparados/precocinados-envasados/p/274616,https://www.dia.es/product_images/274616/274616_ISO_0_ES.jpg?imwidth=392,"2,95 €",Grasas 9.8g de las cuales saturadas 3.5g Hidratos de Carbono 21.1g de los cuales azúcares 1.1g Proteínas 9g Sal 1.34g,No disponible,"(21,07 €/KILO)"
Tabulé oriental Pierre Martinet bandeja 200 g,https://www.dia.es/pizzas-y-platos-preparados/comida-internacional/p/147445,https://www.dia.es/product_images/147445/147445_ISO_0_ES.jpg?imwidth=392,"1,95 €",Grasas 8.4g de las cuales saturadas 1g Hidratos de Carbono 22g de los cuales azúcares 3.4g Proteínas 4.1g Sal 1.2g,No disponible,"(9,75 €/KILO)"
Tortilla de patatas con cebolla Al Punto Dia bandeja 600 g,https://www.dia.es/pizzas-y-platos-preparados/tortillas-y-empanadas/p/262522,https://www.dia.es/product_images/262522/262522_ISO_0_ES.jpg?imwidth=392,"2,59 €",Grasas 9g de las cuales saturadas 1.6g Hidratos de Carbono 11g de los cuales azúcares 1.1g Proteínas 5.2g Sal 1.2g,No disponible,"(4,32 €/KILO)"
Mini tortilla de patatas con cebolla Al Punto Dia bandeja 220 g,https://www.dia.es/pizzas-y-platos-preparados/tortillas-y-empanadas/p/183750,https://www.dia.es/product_images/183750/183750_ISO_0_ES.jpg?imwidth=392,"1,00 €",Grasas 9.2g de las cuales saturadas 1.5g Hidratos de Carbono 13g de los cuales azúcares 0.9g Proteínas 5.4g Sal 0.89g,No disponible,"(4,55 €/KILO)"
Empanada de atún El molino de Dia bolsa 550 g,https://www.dia.es/pizzas-y-platos-preparados/tortillas-y-empanadas/p/160625,https://www.dia.es/product_images/160625/160625_ISO_0_ES.jpg?imwidth=392,"3,69 €",No disponible,No disponible,"(6,71 €/KILO)"
Tortilla de patatas sin cebolla Al Punto Dia bandeja 600 g,https://www.dia.es/pizzas-y-platos-preparados/tortillas-y-empanadas/p/262523,https://www.dia.es/product_images/262523/262523_ISO_0_ES.jpg?imwidth=392,"2,59 €",Grasas 11g de las cuales saturadas 1.8g Hidratos de Carbono 12g de los cuales azúcares 0.6g Proteínas 5.7g Sal 0.81g,No disponible,"(4,32 €/KILO)"
Empanada de pollo El molino de Dia 550 g,https://www.dia.es/pizzas-y-platos-preparados/tortillas-y-empanadas/p/220460,https://www.dia.es/product_images/220460/220460_ISO_0_ES.jpg?imwidth=392,"3,69 €",No disponible,No disponible,"(6,71 €/KILO)"
Tortilla de patata fresca Al Punto Dia bandeja 600 g,https://www.dia.es/pizzas-y-platos-preparados/tortillas-y-empanadas/p/299100,https://www.dia.es/product_images/299100/299100_ISO_0_ES.jpg?imwidth=392,"2,95 €",Grasas 9.3g de las cuales saturadas 1.8g Hidratos de Carbono 11g de los cuales azúcares 0.5g Proteínas 6g Sal 1.9g,No disponible,"(4,92 €/KILO)"
Empanada de carne El molino de Dia bolsa 550 g,https://www.dia.es/pizzas-y-platos-preparados/tortillas-y-empanadas/p/160624,https://www.dia.es/product_images/160624/160624_ISO_0_ES.jpg?imwidth=392,"3,69 €",No disponible,No disponible,"(6,71 €/KILO)"
Empanada de pollo El molino de Dia bolsa 120 g,https://www.dia.es/pizzas-y-platos-preparados/tortillas-y-empanadas/p/196890,https://www.dia.es/product_images/196890/196890_ISO_0_ES.jpg?imwidth=392,"0,69 €",No disponible,No disponible,"(5,75 €/KILO)"
Empanada de bacalao El molino de Dia bolsa 550 g,https://www.dia.es/pizzas-y-platos-preparados/tortillas-y-empanadas/p/207274,https://www.dia.es/product_images/207274/207274_ISO_0_ES.jpg?imwidth=392,"3,69 €",No disponible,No disponible,"(6,71 €/KILO)"
Tortilla de patatas con chorizo Al Punto Dia bandeja 600 g,https://www.dia.es/pizzas-y-platos-preparados/tortillas-y-empanadas/p/267420,https://www.dia.es/product_images/267420/267420_ISO_0_ES.jpg?imwidth=392,"3,69 €",Grasas 10g de las cuales saturadas 2.3g Hidratos de Carbono 10g de los cuales azúcares 1g Proteínas 6.5g Sal 1.01g,No disponible,"(6,15 €/KILO)"
Tortilla vegana Revolu green bolsa 200 g,https://www.dia.es/pizzas-y-platos-preparados/tortillas-y-empanadas/p/287339,https://www.dia.es/product_images/287339/287339_ISO_0_ES.jpg?imwidth=392,"1,39 €",Grasas 6.7g de las cuales saturadas 0.8g Hidratos de Carbono 19g de los cuales azúcares 1.2g Fibra alimentaria 1g Proteínas 3.4g Sal 0.76g,No disponible,"(6,95 €/KILO)"
Tortilla de patatas con espinacas Palacios bandeja 300 g,https://www.dia.es/pizzas-y-platos-preparados/tortillas-y-empanadas/p/244567,https://www.dia.es/product_images/244567/244567_ISO_0_ES.jpg?imwidth=392,"2,79 €",Grasas 8.5g de las cuales saturadas 1.2g Hidratos de Carbono 11g de los cuales azúcares 1g Fibra alimentaria 0.6g Proteínas 5g Sal 1.2g,No disponible,"(9,30 €/KILO)"
Tortilla de patatas con cebolla Palacios bandeja 650 g,https://www.dia.es/pizzas-y-platos-preparados/tortillas-y-empanadas/p/239160,https://www.dia.es/product_images/239160/239160_ISO_0_ES.jpg?imwidth=392,"4,69 €",Grasas 11g de las cuales saturadas 1.5g Hidratos de Carbono 11g de los cuales azúcares 0.5g Fibra alimentaria 0.6g Proteínas 5g Sal 1.1g,No disponible,"(7,22 €/KILO)"
Gazpacho Al Punto Dia brik 1 l,https://www.dia.es/pizzas-y-platos-preparados/gazpachos-y-salmorejos/p/43231,https://www.dia.es/product_images/43231/43231_ISO_0_ES.jpg?imwidth=392,"1,60 €",Grasas 2.3g de las cuales saturadas 0.3g Hidratos de Carbono 3g de los cuales azúcares 2.9g Proteínas 0.6g Sal 0.8g,No disponible,"(1,60 €/LITRO)"
Salmorejo Al Punto Dia brik 1 l,https://www.dia.es/pizzas-y-platos-preparados/gazpachos-y-salmorejos/p/231863,https://www.dia.es/product_images/231863/231863_ISO_0_ES.jpg?imwidth=392,"2,15 €",Grasas 5g de las cuales saturadas 0.7g Hidratos de Carbono 4.8g de los cuales azúcares 2.5g Proteínas 0.8g Sal 0.84g,No disponible,"(2,15 €/LITRO)"
Gazpacho Al Punto Dia brik 3 x 330 ml,https://www.dia.es/pizzas-y-platos-preparados/gazpachos-y-salmorejos/p/82955,https://www.dia.es/product_images/82955/82955_ISO_0_ES.jpg?imwidth=392,"2,15 €",Grasas 2.3g de las cuales saturadas 0.3g Hidratos de Carbono 3g de los cuales azúcares 2.9g Proteínas 0.6g Sal 0.8g,No disponible,"(2,17 €/LITRO)"
Gazpacho suave Al Punto Dia brik 1 l,https://www.dia.es/pizzas-y-platos-preparados/gazpachos-y-salmorejos/p/246136,https://www.dia.es/product_images/246136/246136_ISO_0_ES.jpg?imwidth=392,"1,79 €",Grasas 2.4g de las cuales saturadas 0.4g Hidratos de Carbono 2.8g de los cuales azúcares 2.7g Proteínas 0.5g Sal 0.8g,No disponible,"(1,79 €/LITRO)"
Hielo en cubitos bolsa 2 Kg,https://www.dia.es/congelados/helados-y-hielo/p/80803,https://www.dia.es/product_images/80803/80803_ISO_0_ES.jpg?imwidth=392,"0,99 €",No disponible,No disponible,"(0,50 €/KILO)"
Helado bombón mini doble chocolate y caramelo salado Temptation de Dia estuche 216 g,https://www.dia.es/congelados/helados-y-hielo/p/300617,https://www.dia.es/product_images/300617/300617_ISO_0_ES.jpg?imwidth=392,"1,75 €",Grasas 20g de las cuales saturadas 14g Hidratos de Carbono 35g de los cuales azúcares 31g Proteínas 2.8g Sal 0.48g,No disponible,"(8,10 €/KILO)"
Helado bombón chocolate blanco con palomitas 3 unidades Temptation de Dia estuche 195 g,https://www.dia.es/congelados/helados-y-hielo/p/299289,https://www.dia.es/product_images/299289/299289_ISO_0_ES.jpg?imwidth=392,"1,55 €",Grasas 20g de las cuales saturadas 14g Hidratos de Carbono 34g de los cuales azúcares 29g Proteínas 2.8g Sal 0.33g,No disponible,"(7,95 €/KILO)"
Helado cono de nata y chocolate 4 unidades Temptation de Dia caja 272 g,https://www.dia.es/congelados/helados-y-hielo/p/44142,https://www.dia.es/product_images/44142/44142_ISO_0_ES.jpg?imwidth=392,"1,79 €",Grasas 14g de las cuales saturadas 11g Hidratos de Carbono 37g de los cuales azúcares 28g Proteínas 3.8g Sal 0.21g,No disponible,"(6,58 €/KILO)"
Helado sabor dulce de leche Temptation de Dia tarrina 525 g,https://www.dia.es/congelados/helados-y-hielo/p/118822,https://www.dia.es/product_images/118822/118822_ISO_0_ES.jpg?imwidth=392,"2,89 €",Grasas 7.9g de las cuales saturadas 6.8g Hidratos de Carbono 32g de los cuales azúcares 29g Proteínas 2.4g Sal 0.21g,No disponible,"(5,50 €/KILO)"
Helado bombón mini surtido 8 unidades Temptation de Dia estuche 288 g,https://www.dia.es/congelados/helados-y-hielo/p/174731,https://www.dia.es/product_images/174731/174731_ISO_0_ES.jpg?imwidth=392,"2,39 €",Grasas 20.4g de las cuales saturadas 14.3g Hidratos de Carbono 32.2g Proteínas 3g Sal 0.18g,No disponible,"(8,30 €/KILO)"
Helado cono de nata 4 unidades Temptation de Dia caja 272 g,https://www.dia.es/congelados/helados-y-hielo/p/44140,https://www.dia.es/product_images/44140/44140_ISO_0_ES.jpg?imwidth=392,"1,79 €",Grasas 14g de las cuales saturadas 11g Hidratos de Carbono 36g de los cuales azúcares 28g Proteínas 3.7g Sal 0.2g,No disponible,"(6,58 €/KILO)"
Helado sabor strawberry cheesecake Temptation de Dia tarrina 350 g,https://www.dia.es/congelados/helados-y-hielo/p/261947,https://www.dia.es/product_images/261947/261947_ISO_0_ES.jpg?imwidth=392,"2,85 €",Grasas 12.8g de las cuales saturadas 8.4g Hidratos de Carbono 29g de los cuales azúcares 23.5g Proteínas 3g Sal 0.2g,No disponible,"(8,14 €/KILO)"
Helado sándwich de nata 6 unidades Temptation de Dia caja 300 g,https://www.dia.es/congelados/helados-y-hielo/p/271108,https://www.dia.es/product_images/271108/271108_ISO_0_ES.jpg?imwidth=392,"1,99 €",Grasas 8.3g de las cuales saturadas 6.1g Hidratos de Carbono 36.2g de los cuales azúcares 12.8g Proteínas 4.1g Sal 0.29g,No disponible,"(6,63 €/KILO)"
Helado sándwich cookie con vainilla 4 unidades Temptation de Dia caja 220 g,https://www.dia.es/congelados/helados-y-hielo/p/271097,https://www.dia.es/product_images/271097/271097_ISO_0_ES.jpg?imwidth=392,"2,49 €",Grasas 15g de las cuales saturadas 6.3g Hidratos de Carbono 47g de los cuales azúcares 22g Proteínas 4.6g Sal 0.39g,No disponible,"(11,32 €/KILO)"
Tarta laminada nata y chocolate Temptation de Dia caja 525 g,https://www.dia.es/congelados/helados-y-hielo/p/129278,https://www.dia.es/product_images/129278/129278_ISO_0_ES.jpg?imwidth=392,"2,29 €",Grasas 14g de las cuales saturadas 12g Hidratos de Carbono 24g de los cuales azúcares 21g Proteínas 2.9g Sal 0.16g,No disponible,"(4,36 €/KILO)"
Helado bombón almendrado Temptation de Dia caja 360 g,https://www.dia.es/congelados/helados-y-hielo/p/19507,https://www.dia.es/product_images/19507/19507_ISO_0_ES.jpg?imwidth=392,"2,09 €",Grasas 21g de las cuales saturadas 13g Hidratos de Carbono 31g de los cuales azúcares 26g Proteínas 4.6g Sal 0.17g,No disponible,"(5,81 €/KILO)"
Helado choco brownie con salsa de chocolate Temptation de Dia tarrina 350 g,https://www.dia.es/congelados/helados-y-hielo/p/271062,https://www.dia.es/product_images/271062/271062_ISO_0_ES.jpg?imwidth=392,"2,85 €",Grasas 12.3g de las cuales saturadas 8.3g Hidratos de Carbono 27.3g de los cuales azúcares 23.8g Proteínas 3.7g Sal 0.2g,No disponible,"(8,14 €/KILO)"
Helado bombón chocolate negro 4 unidades Temptation de Dia caja 332 g,https://www.dia.es/congelados/helados-y-hielo/p/19520,https://www.dia.es/product_images/19520/19520_ISO_0_ES.jpg?imwidth=392,"1,99 €",Grasas 18g de las cuales saturadas 12g Hidratos de Carbono 30g de los cuales azúcares 27g Proteínas 2.8g Sal 0.12g,No disponible,"(5,99 €/KILO)"
Helado cookie dough Temptation de Dia tarrina 350 g,https://www.dia.es/congelados/helados-y-hielo/p/261946,https://www.dia.es/product_images/261946/261946_ISO_0_ES.jpg?imwidth=392,"2,85 €",Grasas 13g de las cuales saturadas 8.7g Hidratos de Carbono 29g de los cuales azúcares 22g Proteínas 3.1g Sal 0.22g,No disponible,"(8,14 €/KILO)"
Helado sabor vainilla Temptation de Dia tarrina 500 g,https://www.dia.es/congelados/helados-y-hielo/p/256189,https://www.dia.es/product_images/256189/256189_ISO_0_ES.jpg?imwidth=392,"2,30 €",Grasas 12g de las cuales saturadas 10g Hidratos de Carbono 25g de los cuales azúcares 21g Proteínas 2.7g Sal 0.16g,No disponible,"(4,60 €/KILO)"
Helado sabor stracciatella Temptation de Dia tarrina 525 g,https://www.dia.es/congelados/helados-y-hielo/p/44145,https://www.dia.es/product_images/44145/44145_ISO_0_ES.jpg?imwidth=392,"2,89 €",Grasas 8.7g de las cuales saturadas 6.6g Hidratos de Carbono 33g de los cuales azúcares 28g Proteínas 2.7g Sal 0.17g,No disponible,"(5,50 €/KILO)"
Helado mini bombón almendras 6 unidades Magnum caja 276 g,https://www.dia.es/congelados/helados-y-hielo/p/87939,https://www.dia.es/product_images/87939/87939_ISO_0_ES.jpg?imwidth=392,"4,99 €",Grasas 21g de las cuales saturadas 13g Hidratos de Carbono 32g de los cuales azúcares 29g Proteínas 4.8g Sal 0.14g,No disponible,"(18,08 €/KILO)"
Helado mini bombón mix Magnum caja 6 + 2 uds 356 g,https://www.dia.es/congelados/helados-y-hielo/p/65364,https://www.dia.es/product_images/65364/65364_ISO_0_ES.jpg?imwidth=392,"4,99 €",Grasas 17g de las cuales saturadas 10g Hidratos de Carbono 26g de los cuales azúcares 24g Proteínas 3.8g Sal 0.11g,No disponible,"(14,02 €/KILO)"
Helado bombón almendras 3 + 1 unidades Magnum caja 300 g,https://www.dia.es/congelados/helados-y-hielo/p/55446,https://www.dia.es/product_images/55446/55446_ISO_0_ES.jpg?imwidth=392,"3,99 €",Grasas 15g de las cuales saturadas 9.4g Hidratos de Carbono 24g de los cuales azúcares 21g Proteínas 3.5g Sal 0.1g,No disponible,"(13,30 €/KILO)"
Helado de nata con gotas de chocolate 4 unidades Nestlé Maxibon caja 384 g,https://www.dia.es/congelados/helados-y-hielo/p/4313,https://www.dia.es/product_images/4313/4313_ISO_0_ES.jpg?imwidth=392,"5,99 €",Grasas 16.9g de las cuales saturadas 10.2g Hidratos de Carbono 38.2g de los cuales azúcares 26g Fibra alimentaria 1.6g Proteínas 4g Sal 0.16g,No disponible,"(15,60 €/KILO)"
Tarta helada sabor whisky Temptation de Dia caja 525 g,https://www.dia.es/congelados/helados-y-hielo/p/40976,https://www.dia.es/product_images/40976/40976_ISO_0_ES.jpg?imwidth=392,"2,69 €",Grasas 7g de las cuales saturadas 5.6g Hidratos de Carbono 28g de los cuales azúcares 23g Proteínas 2.7g Sal 0.14g,No disponible,"(5,12 €/KILO)"
Helado fruit collection mini cups 4 unidades Haagen Dazs caja 321 g,https://www.dia.es/congelados/helados-y-hielo/p/292333,https://www.dia.es/product_images/292333/292333_ISO_0_ES.jpg?imwidth=392,"7,49 €",Grasas 16.1g de las cuales saturadas 9.9g Hidratos de Carbono 20.7g de los cuales azúcares 18.5g Fibra alimentaria 0.5g Proteínas 4g Sal 0.17g,No disponible,"(23,33 €/KILO)"
Helado mini bombón clásico y almendrado sin azúcar 6 unidades Temptation de Dia estuche 216 g,https://www.dia.es/congelados/helados-y-hielo/p/291267,https://www.dia.es/product_images/291267/291267_ISO_0_ES.jpg?imwidth=392,"2,69 €",No disponible,No disponible,"(12,45 €/KILO)"
Helado de chocolate jungly con trozos de chocolate y galleta 4 unidades Nestlé Maxibon caja 360 g,https://www.dia.es/congelados/helados-y-hielo/p/283794,https://www.dia.es/product_images/283794/283794_ISO_0_ES.jpg?imwidth=392,"4,19 €",Grasas 14g de las cuales saturadas 14g Hidratos de Carbono 40g de los cuales azúcares 26g Fibra alimentaria 2.1g Proteínas 4.1g Sal 0.34g,No disponible,"(10,91 €/KILO)"
Helado caramel biscuit Temptation de Dia tarrina 350 g,https://www.dia.es/congelados/helados-y-hielo/p/280349,https://www.dia.es/product_images/280349/280349_ISO_0_ES.jpg?imwidth=392,"2,85 €",Grasas 12g de las cuales saturadas 7.2g Hidratos de Carbono 33g de los cuales azúcares 25g Fibra alimentaria 4g Proteínas 2.6g Sal 0.23g,No disponible,"(8,14 €/KILO)"
Helado caramel collection mini cups 4 unidades Haagen Dazs caja 321 g,https://www.dia.es/congelados/helados-y-hielo/p/279117,https://www.dia.es/product_images/279117/279117_ISO_0_ES.jpg?imwidth=392,"7,49 €",Grasas 16.3g de las cuales saturadas 10.9g Hidratos de Carbono 28.1g de los cuales azúcares 25.3g Fibra alimentaria 0g Proteínas 4g Sal 0.5g,No disponible,"(23,33 €/KILO)"
Helado de nata waffle 4 unidades Nestlé Maxibon caja 360 g,https://www.dia.es/congelados/helados-y-hielo/p/272335,https://www.dia.es/product_images/272335/272335_ISO_0_ES.jpg?imwidth=392,"5,99 €",Grasas 17g de las cuales saturadas 13g Hidratos de Carbono 42g de los cuales azúcares 29g Fibra alimentaria 0.8g Proteínas 3.4g Sal 0.12g,No disponible,"(16,64 €/KILO)"
Helado cookie dough Ben & Jerry's tarrina 406 g,https://www.dia.es/congelados/helados-y-hielo/p/272243,https://www.dia.es/product_images/272243/272243_ISO_0_ES.jpg?imwidth=392,"6,99 €",Grasas 13g de las cuales saturadas 8g Hidratos de Carbono 27g de los cuales azúcares 22g Proteínas 3.5g Sal 0.12g,No disponible,"(17,22 €/KILO)"
Helado de vainilla con nueces de macadamia Temptation de Dia tarrina 350 g,https://www.dia.es/congelados/helados-y-hielo/p/271064,https://www.dia.es/product_images/271064/271064_ISO_0_ES.jpg?imwidth=392,"2,85 €",Grasas 14.7g de las cuales saturadas 8.9g Hidratos de Carbono 27.5g de los cuales azúcares 21.9g Proteínas 2.6g Sal 0.22g,No disponible,"(8,14 €/KILO)"
Helado cono clásico 6 unidades Cornetto caja 360 g,https://www.dia.es/congelados/helados-y-hielo/p/247179,https://www.dia.es/product_images/247179/247179_ISO_0_ES.jpg?imwidth=392,"4,99 €",Grasas 15g de las cuales saturadas 12g Hidratos de Carbono 30g de los cuales azúcares 17g Fibra alimentaria 1.2g Proteínas 2.7g Sal 0.15g,No disponible,"(13,86 €/KILO)"
Helado bloque sabor turrón Temptation de Dia caja 525 g,https://www.dia.es/congelados/helados-y-hielo/p/246232,https://www.dia.es/product_images/246232/246232_ISO_0_ES.jpg?imwidth=392,"2,52 €",Grasas 10g de las cuales saturadas 6.1g Hidratos de Carbono 22g de los cuales azúcares 19g Proteínas 3.9g Sal 0.14g,No disponible,"(4,80 €/KILO)"
Helado pirulo mikolápiz 5 unidades Nestlé caja 250 g,https://www.dia.es/congelados/helados-y-hielo/p/245544,https://www.dia.es/product_images/245544/245544_ISO_0_ES.jpg?imwidth=392,"5,19 €",Grasas 10g de las cuales saturadas 7g Hidratos de Carbono 27g de los cuales azúcares 23g Fibra alimentaria 0.5g Proteínas 2.3g Sal 0.17g,No disponible,"(20,76 €/KILO)"
Hielo para mojitos La confianza bolsa 2 Kg,https://www.dia.es/congelados/helados-y-hielo/p/243252,https://www.dia.es/product_images/243252/243252_ISO_0_ES.jpg?imwidth=392,"1,19 €",No disponible,No disponible,"(0,60 €/KILO)"
Helado mini bombón intense dark chocolate 70% 6 unidades Magnum caja 264 g,https://www.dia.es/congelados/helados-y-hielo/p/232320,https://www.dia.es/product_images/232320/232320_ISO_0_ES.jpg?imwidth=392,"5,49 €",Grasas 23g de las cuales saturadas 15g Hidratos de Carbono 25g de los cuales azúcares 22g Proteínas 4.5g Sal 0.06g,No disponible,"(20,80 €/KILO)"
Helado sándwich mini 6 unidades Oreo estuche 198 g,https://www.dia.es/congelados/helados-y-hielo/p/207900,https://www.dia.es/product_images/207900/207900_ISO_0_ES.jpg?imwidth=392,"3,85 €",Grasas 12g de las cuales saturadas 8.1g Hidratos de Carbono 42g de los cuales azúcares 25g Fibra alimentaria 1.8g Proteínas 5.3g Sal 0.78g,No disponible,"(19,44 €/KILO)"
Helado bombón classic 4 unidades Temptation de Dia caja 336 g,https://www.dia.es/congelados/helados-y-hielo/p/19479,https://www.dia.es/product_images/19479/19479_ISO_0_ES.jpg?imwidth=392,"1,99 €",Grasas 19g de las cuales saturadas 14g Hidratos de Carbono 32g de los cuales azúcares 26g Proteínas 3.6g Sal 0.24g,No disponible,"(5,92 €/KILO)"
Helado cono chocolate y vainilla 4 unidades Milka caja 270 g,https://www.dia.es/congelados/helados-y-hielo/p/161716,https://www.dia.es/product_images/161716/161716_ISO_0_ES.jpg?imwidth=392,"5,49 €",Grasas 18g de las cuales saturadas 13g Hidratos de Carbono 39g de los cuales azúcares 30g Fibra alimentaria 1.3g Proteínas 4g Sal 0.17g,No disponible,"(20,33 €/KILO)"
Helado sándwich nata y chocolate 6 unidades Somosierra caja 300 g,https://www.dia.es/congelados/helados-y-hielo/p/15828,https://www.dia.es/product_images/15828/15828_ISO_0_ES.jpg?imwidth=392,"3,29 €",Grasas 9.2g de las cuales saturadas 8.3g Hidratos de Carbono 40g de los cuales azúcares 24g Proteínas 5g Sal 0.34g,No disponible,"(10,97 €/KILO)"
Helado chocolate belga Haagen Dazs tarrina 400 g,https://www.dia.es/congelados/helados-y-hielo/p/158275,https://www.dia.es/product_images/158275/158275_ISO_0_ES.jpg?imwidth=392,"6,99 €",Grasas 20.7g de las cuales saturadas 12.7g Hidratos de Carbono 26.2g de los cuales azúcares 24.3g Fibra alimentaria 2.2g Proteínas 4.5g Sal 0.13g,No disponible,"(17,48 €/KILO)"
Helado tarta de queso Haagen Dazs tarrina 400 g,https://www.dia.es/congelados/helados-y-hielo/p/158274,https://www.dia.es/product_images/158274/158274_ISO_0_ES.jpg?imwidth=392,"6,99 €",Grasas 14.3g de las cuales saturadas 9g Hidratos de Carbono 29.4g de los cuales azúcares 24.8g Fibra alimentaria 0.4g Proteínas 3.8g Sal 0.3g,No disponible,"(17,48 €/KILO)"
Helado vainilla macadamia Haagen Dazs tarrina 400 g,https://www.dia.es/congelados/helados-y-hielo/p/150955,https://www.dia.es/product_images/150955/150955_ISO_0_ES.jpg?imwidth=392,"6,99 €",Grasas 17.3g de las cuales saturadas 10.6g Hidratos de Carbono 25.3g de los cuales azúcares 24.2g Fibra alimentaria 0.1g Proteínas 4g Sal 0.16g,No disponible,"(17,48 €/KILO)"
Nata montada congelada Somosierra tarrina 240 g,https://www.dia.es/congelados/helados-y-hielo/p/14439,https://www.dia.es/product_images/14439/14439_ISO_0_ES.jpg?imwidth=392,"2,49 €",Grasas 20g de las cuales saturadas 13g Hidratos de Carbono 18g de los cuales azúcares 18g Proteínas 2.1g Sal 0.07g,No disponible,"(10,38 €/KILO)"
Helado de vainilla con trozos de chocolate y cookies 4 unidades Nestlé Maxibon caja 360 g,https://www.dia.es/congelados/helados-y-hielo/p/142973,https://www.dia.es/product_images/142973/142973_ISO_0_ES.jpg?imwidth=392,"5,99 €",Grasas 17g de las cuales saturadas 14g Hidratos de Carbono 40g de los cuales azúcares 25g Fibra alimentaria 1.5g Proteínas 4.4g Sal 0.24g,No disponible,"(16,64 €/KILO)"
Sorbete helado de limón Temptation de Dia tarrina 540 g,https://www.dia.es/congelados/helados-y-hielo/p/13201,https://www.dia.es/product_images/13201/13201_ISO_0_ES.jpg?imwidth=392,"2,49 €",Grasas 0g de las cuales saturadas 0g Hidratos de Carbono 29g de los cuales azúcares 26g Proteínas 0.1g Sal 0.04g,No disponible,"(4,61 €/KILO)"
Helado de chocolate con trozos Temptation de Dia tarrina 540 g,https://www.dia.es/congelados/helados-y-hielo/p/13200,https://www.dia.es/product_images/13200/13200_ISO_0_ES.jpg?imwidth=392,"2,89 €",Grasas 10g de las cuales saturadas 7.8g Hidratos de Carbono 27g de los cuales azúcares 23g Proteínas 3.8g Sal 0.21g,No disponible,"(5,35 €/KILO)"
Bases de pizza finas 3 unidades Al Punto Dia bolsa 420 g,https://www.dia.es/congelados/pizzas-bases-y-masas/p/203958,https://www.dia.es/product_images/203958/203958_ISO_0_ES.jpg?imwidth=392,"1,90 €",Grasas 4.9g de las cuales saturadas 0.7g Hidratos de Carbono 52g de los cuales azúcares 1.5g Proteínas 7.5g Sal 1g,No disponible,"(4,52 €/KILO)"
Baguette jamón y queso 2 unidades Al Punto Dia caja 250 g,https://www.dia.es/congelados/pizzas-bases-y-masas/p/16536,https://www.dia.es/product_images/16536/16536_ISO_0_ES.jpg?imwidth=392,"1,89 €",Grasas 6.2g de las cuales saturadas 3.5g Hidratos de Carbono 28g de los cuales azúcares 2.2g Proteínas 11g Sal 1.3g,No disponible,"(7,56 €/KILO)"
Pizza 4 quesos Al Punto Dia caja 400 g,https://www.dia.es/congelados/pizzas-bases-y-masas/p/53870,https://www.dia.es/product_images/53870/53870_ISO_0_ES.jpg?imwidth=392,"2,49 €",Grasas 10.7g de las cuales saturadas 5.3g Hidratos de Carbono 27g de los cuales azúcares 2.7g Proteínas 11.5g Sal 1.3g,No disponible,"(6,23 €/KILO)"
Pizza bacon y atún Al Punto Dia caja 400 g,https://www.dia.es/congelados/pizzas-bases-y-masas/p/54213,https://www.dia.es/product_images/54213/54213_ISO_0_ES.jpg?imwidth=392,"2,49 €",Grasas 8.9g de las cuales saturadas 3.5g Hidratos de Carbono 27g de los cuales azúcares 3.1g Proteínas 10g Sal 1.4g,No disponible,"(6,23 €/KILO)"
Pizza super pepperoni Al Punto Dia caja 417 g,https://www.dia.es/congelados/pizzas-bases-y-masas/p/298448,https://www.dia.es/product_images/298448/298448_ISO_0_ES.jpg?imwidth=392,"3,99 €",Grasas 11g de las cuales saturadas 4.4g Hidratos de Carbono 26g de los cuales azúcares 3.9g Proteínas 11g Sal 1.6g,No disponible,"(9,57 €/KILO)"
Pizza campestre Al Punto Dia caja 400 g,https://www.dia.es/congelados/pizzas-bases-y-masas/p/46197,https://www.dia.es/product_images/46197/46197_ISO_0_ES.jpg?imwidth=392,"2,49 €",Grasas 4.2g de las cuales saturadas 1.6g Hidratos de Carbono 33g de los cuales azúcares 3.2g Proteínas 8.3g Sal 1.2g,No disponible,"(6,23 €/KILO)"
Pizza jamón y queso Al Punto Dia caja 350 g,https://www.dia.es/congelados/pizzas-bases-y-masas/p/130615,https://www.dia.es/product_images/130615/130615_ISO_0_ES.jpg?imwidth=392,"2,49 €",Grasas 6.8g de las cuales saturadas 2.6g Hidratos de Carbono 25.5g de los cuales azúcares 3.3g Proteínas 9.5g Sal 1.45g,No disponible,"(7,11 €/KILO)"
Pizza crispy bacon Al Punto Dia caja 450 g,https://www.dia.es/congelados/pizzas-bases-y-masas/p/266016,https://www.dia.es/product_images/266016/266016_ISO_0_ES.jpg?imwidth=392,"3,99 €",Grasas 9.6g de las cuales saturadas 4.1g Hidratos de Carbono 26g de los cuales azúcares 4.7g Proteínas 12g Sal 1.5g,No disponible,"(8,87 €/KILO)"
Pizza 6 quesos Al Punto Dia caja 470 g,https://www.dia.es/congelados/pizzas-bases-y-masas/p/266018,https://www.dia.es/product_images/266018/266018_ISO_0_ES.jpg?imwidth=392,"3,99 €",Grasas 13g de las cuales saturadas 6.7g Hidratos de Carbono 23g de los cuales azúcares 3.1g Proteínas 13g Sal 1.3g,No disponible,"(8,49 €/KILO)"
Mini pizzas jamón y queso Al Punto Dia caja 270 g,https://www.dia.es/congelados/pizzas-bases-y-masas/p/81020,https://www.dia.es/product_images/81020/81020_ISO_0_ES.jpg?imwidth=392,"2,49 €",Grasas 7.8g de las cuales saturadas 3.5g Hidratos de Carbono 27g de los cuales azúcares 2.8g Proteínas 11g Sal 1.4g,No disponible,"(9,22 €/KILO)"
Pizza reina 2 unidades Al Punto Dia caja 700 g,https://www.dia.es/congelados/pizzas-bases-y-masas/p/80000,https://www.dia.es/product_images/80000/80000_ISO_0_ES.jpg?imwidth=392,"3,39 €",Grasas 6.8g de las cuales saturadas 2.7g Hidratos de Carbono 25g de los cuales azúcares 3.2g Proteínas 9.6g Sal 1.4g,No disponible,"(4,84 €/KILO)"
Pizza barbacoa Al Punto Dia caja 350 g,https://www.dia.es/congelados/pizzas-bases-y-masas/p/250252,https://www.dia.es/product_images/250252/250252_ISO_0_ES.jpg?imwidth=392,"2,49 €",Grasas 8.3g de las cuales saturadas 3.6g Hidratos de Carbono 28g de los cuales azúcares 5.3g Proteínas 9.9g Sal 1.6g,No disponible,"(7,11 €/KILO)"
Pizza boloñesa Al Punto Dia caja 375 g,https://www.dia.es/congelados/pizzas-bases-y-masas/p/73456,https://www.dia.es/product_images/73456/73456_ISO_0_ES.jpg?imwidth=392,"2,49 €",Grasas 9.5g de las cuales saturadas 2.9g Hidratos de Carbono 24g de los cuales azúcares 3g Proteínas 7.9g Sal 1.3g,No disponible,"(6,64 €/KILO)"
Pizza burger Al Punto Dia caja 445 g,https://www.dia.es/congelados/pizzas-bases-y-masas/p/298449,https://www.dia.es/product_images/298449/298449_ISO_0_ES.jpg?imwidth=392,"3,99 €",Grasas 7.4g de las cuales saturadas 3g Hidratos de Carbono 25g de los cuales azúcares 3.6g Proteínas 9.4g Sal 1.1g,No disponible,"(8,97 €/KILO)"
Pizza spinaci Dr. Oetker Ristorante caja 390 g,https://www.dia.es/congelados/pizzas-bases-y-masas/p/215666,https://www.dia.es/product_images/215666/215666_ISO_0_ES.jpg?imwidth=392,"3,89 €",Grasas 11g de las cuales saturadas 2.8g Hidratos de Carbono 21g de los cuales azúcares 2.4g Fibra alimentaria 2.3g Proteínas 7.2g Sal 0.98g,No disponible,"(9,97 €/KILO)"
Pizza carbonara Al Punto Dia caja 465 g,https://www.dia.es/congelados/pizzas-bases-y-masas/p/266017,https://www.dia.es/product_images/266017/266017_ISO_0_ES.jpg?imwidth=392,"3,99 €",Grasas 13g de las cuales saturadas 6.4g Hidratos de Carbono 23g de los cuales azúcares 2.5g Proteínas 11g Sal 1.3g,No disponible,"(8,58 €/KILO)"
Pizza prosciutto Dr. Oetker Ristorante caja 340 g,https://www.dia.es/congelados/pizzas-bases-y-masas/p/183532,https://www.dia.es/product_images/183532/183532_ISO_0_ES.jpg?imwidth=392,"3,89 €",Grasas 9.3g de las cuales saturadas 2.8g Hidratos de Carbono 24g de los cuales azúcares 2.7g Fibra alimentaria 2.1g Proteínas 10g Sal 1.2g,No disponible,"(11,44 €/KILO)"
Pizza speciale Dr. Oetker Ristorante caja 330 g,https://www.dia.es/congelados/pizzas-bases-y-masas/p/88841,https://www.dia.es/product_images/88841/88841_ISO_0_ES.jpg?imwidth=392,"3,89 €",Grasas 11g de las cuales saturadas 3.8g Hidratos de Carbono 23g de los cuales azúcares 2.6g Fibra alimentaria 2.2g Proteínas 11g Sal 1.3g,No disponible,"(11,79 €/KILO)"
Pizza 4 quesos Dr. Oetker Ristorante caja 340 g,https://www.dia.es/congelados/pizzas-bases-y-masas/p/149215,https://www.dia.es/product_images/149215/149215_ISO_0_ES.jpg?imwidth=392,"3,89 €",Grasas 12g de las cuales saturadas 5.5g Hidratos de Carbono 24g de los cuales azúcares 2.8g Fibra alimentaria 2g Proteínas 11g Sal 1g,No disponible,"(11,44 €/KILO)"
Pizza atún Dr. Oetker Ristorante caja 355 g,https://www.dia.es/congelados/pizzas-bases-y-masas/p/114903,https://www.dia.es/product_images/114903/114903_ISO_0_ES.jpg?imwidth=392,"3,89 €",Grasas 9.7g de las cuales saturadas 2.9g Hidratos de Carbono 23g de los cuales azúcares 3g Fibra alimentaria 2.2g Proteínas 10g Sal 0.98g,No disponible,"(10,96 €/KILO)"
Filete de merluza argentino sin piel Mari Marinera de Dia bolsa 400 g,https://www.dia.es/congelados/pescado-y-marisco/p/17384,https://www.dia.es/product_images/17384/17384_ISO_0_ES.jpg?imwidth=392,"3,29 €",Grasas 3.1g de las cuales saturadas 0.9g Hidratos de Carbono 0g de los cuales azúcares 0g Proteínas 16g Sal 0.3g,No disponible,"(8,23 €/KILO)"
Lomos de salmón Selección Mundial de Dia bolsa 250 g,https://www.dia.es/congelados/pescado-y-marisco/p/274390,https://www.dia.es/product_images/274390/274390_ISO_0_ES.jpg?imwidth=392,"6,39 €",Grasas 10.7g de las cuales saturadas 1.5g Hidratos de Carbono 0.3g de los cuales azúcares 0.3g Proteínas 16.2g Sal 0.65g,No disponible,"(25,56 €/KILO)"
Rabas empanadas Mari Marinera de Dia bolsa 400 g,https://www.dia.es/congelados/pescado-y-marisco/p/41098,https://www.dia.es/product_images/41098/41098_ISO_0_ES.jpg?imwidth=392,"2,89 €",Grasas 0.6g de las cuales saturadas 0.2g Hidratos de Carbono 9.4g de los cuales azúcares 0.5g Proteínas 13.9g Sal 1.2g,No disponible,"(7,23 €/KILO)"
Almeja del pacífico Mari Marinera de Dia bolsa 450 g,https://www.dia.es/congelados/pescado-y-marisco/p/129357,https://www.dia.es/product_images/129357/129357_ISO_0_ES.jpg?imwidth=392,"1,69 €",Grasas 0.8g de las cuales saturadas 0.2g Hidratos de Carbono 5.2g de los cuales azúcares 0.1g Proteínas 10.9g Sal 0.81g,No disponible,"(3,76 €/KILO)"
Preparado para paellas y sopas Mari Marinera de Dia bolsa 685 g,https://www.dia.es/congelados/pescado-y-marisco/p/273563,https://www.dia.es/product_images/273563/273563_ISO_0_ES.jpg?imwidth=392,"3,99 €",Grasas 2g de las cuales saturadas 0.3g Hidratos de Carbono 0.9g de los cuales azúcares 0.3g Proteínas 15g Sal 0.69g,No disponible,"(5,82 €/KILO)"
Merluza rebozada al huevo MSC Mari Marinera de Dia caja 340 g,https://www.dia.es/congelados/pescado-y-marisco/p/207586,https://www.dia.es/product_images/207586/207586_ISO_0_ES.jpg?imwidth=392,"2,79 €",Grasas 5.5g de las cuales saturadas 1g Hidratos de Carbono 9.8g de los cuales azúcares 1g Proteínas 9.9g Sal 0.53g,No disponible,"(8,21 €/KILO)"
Filete de merluza del cabo sin piel MSC Mari Marinera de Dia bolsa 600 g,https://www.dia.es/congelados/pescado-y-marisco/p/72170,https://www.dia.es/product_images/72170/72170_ISO_0_ES.jpg?imwidth=392,"5,29 €",Grasas 2.9g de las cuales saturadas 0.8g Hidratos de Carbono 0.8g de los cuales azúcares 0g Proteínas 15g Sal 0.33g,No disponible,"(8,82 €/KILO)"
Muslitos de mar MSC Mari Marinera de Dia caja 250 g,https://www.dia.es/congelados/pescado-y-marisco/p/19199,https://www.dia.es/product_images/19199/19199_ISO_0_ES.jpg?imwidth=392,"1,49 €",Grasas 1.9g de las cuales saturadas 0.2g Hidratos de Carbono 25.6g de los cuales azúcares 3.1g Proteínas 8.2g Sal 1.53g,No disponible,"(5,96 €/KILO)"
Caprichos del mar Mari Marinera de Dia bolsa 400 g,https://www.dia.es/congelados/pescado-y-marisco/p/41097,https://www.dia.es/product_images/41097/41097_ISO_0_ES.jpg?imwidth=392,"1,79 €",Grasas 5.8g de las cuales saturadas 0.7g Hidratos de Carbono 30g de los cuales azúcares 0.8g Proteínas 6.2g Sal 1.39g,No disponible,"(4,48 €/KILO)"
Filete de salmón salvaje MSC Mari Marinera de Dia bolsa 360 g,https://www.dia.es/congelados/pescado-y-marisco/p/274389,https://www.dia.es/product_images/274389/274389_ISO_0_ES.jpg?imwidth=392,"5,99 €",Grasas 12g de las cuales saturadas 2.6g Hidratos de Carbono 0g de los cuales azúcares 0g Proteínas 20.6g Sal 0g,No disponible,"(16,64 €/KILO)"
Gambas peladas medianas 70/90 piezas Mari Marinera de Dia bolsa 350 g,https://www.dia.es/congelados/pescado-y-marisco/p/269059,https://www.dia.es/product_images/269059/269059_ISO_0_ES.jpg?imwidth=392,"4,62 €",Grasas 1.3g de las cuales saturadas 0.5g Hidratos de Carbono 0g de los cuales azúcares 0g Proteínas 18g Sal 0.79g,No disponible,"(13,20 €/KILO)"
Sepia faraónica Mari Marinera de Dia bandeja 400 g,https://www.dia.es/congelados/pescado-y-marisco/p/293705,https://www.dia.es/product_images/293705/293705_ISO_0_ES.jpg?imwidth=392,"5,99 €",Grasas 1.7g de las cuales saturadas 0.2g Hidratos de Carbono 0g de los cuales azúcares 0g Proteínas 11g Sal 1.13g,No disponible,"(14,98 €/KILO)"
Medallones de merluza del cabo MSC Mari Marinera de Dia bolsa 475 g,https://www.dia.es/congelados/pescado-y-marisco/p/26442,https://www.dia.es/product_images/26442/26442_ISO_0_ES.jpg?imwidth=392,"3,99 €",Grasas 0.7g de las cuales saturadas 0.2g Hidratos de Carbono 0.5g de los cuales azúcares 0g Proteínas 17g Sal 0.3g,No disponible,"(8,40 €/KILO)"
Calamar troceado Mari Marinera de Dia bolsa 450 g,https://www.dia.es/congelados/pescado-y-marisco/p/286539,https://www.dia.es/product_images/286539/286539_ISO_0_ES.jpg?imwidth=392,"3,99 €",Grasas 0.5g de las cuales saturadas 0g Hidratos de Carbono 1g de los cuales azúcares 0.5g Proteínas 9.3g Sal 1.1g,No disponible,"(8,87 €/KILO)"
Filete de merluza empanada Mari Marinera de Dia bolsa 600 g,https://www.dia.es/congelados/pescado-y-marisco/p/293946,https://www.dia.es/product_images/293946/293946_ISO_0_ES.jpg?imwidth=392,"4,95 €",Grasas 9.6g de las cuales saturadas 1.3g Hidratos de Carbono 18.9g de los cuales azúcares 2.3g Proteínas 10.4g Sal 1.28g,No disponible,"(8,25 €/KILO)"
Sucedáneo de angula MSC Mari Marinera de Dia bandeja 250 g,https://www.dia.es/congelados/pescado-y-marisco/p/263242,https://www.dia.es/product_images/263242/263242_ISO_0_ES.jpg?imwidth=392,"1,99 €",Grasas 11g de las cuales saturadas 1.5g Hidratos de Carbono 8.2g de los cuales azúcares 1.6g Proteínas 8.9g Sal 2.3g,No disponible,"(7,96 €/KILO)"
Filete de lubina Mari Marinera de Dia bolsa 180 g,https://www.dia.es/congelados/pescado-y-marisco/p/298228,https://www.dia.es/product_images/298228/298228_ISO_0_ES.jpg?imwidth=392,"3,99 €",Grasas 7.4g de las cuales saturadas 1.7g Hidratos de Carbono 0g de los cuales azúcares 0g Proteínas 18.3g Sal 1.31g,No disponible,"(22,17 €/KILO)"
Filetes de bacalao MSC Mari Marinera de Dia bandeja 360 g,https://www.dia.es/congelados/pescado-y-marisco/p/4542,https://www.dia.es/product_images/4542/4542_ISO_0_ES.jpg?imwidth=392,"4,99 €",Grasas 1.5g de las cuales saturadas 0.1g Hidratos de Carbono 0g de los cuales azúcares 0g Proteínas 11.3g Sal 1.8g,No disponible,"(13,86 €/KILO)"
Carne de mejillón cocido Mari Marinera de Dia bolsa 250 g,https://www.dia.es/congelados/pescado-y-marisco/p/233107,https://www.dia.es/product_images/233107/233107_ISO_0_ES.jpg?imwidth=392,"2,14 €",Grasas 2.4g de las cuales saturadas 0.4g Hidratos de Carbono 4g de los cuales azúcares 0gr Proteínas 16.5g Sal 1.2g,No disponible,"(8,56 €/KILO)"
Filete de bacalao 100% natural Mari Marinera de Dia bolsa 300 g,https://www.dia.es/congelados/pescado-y-marisco/p/300100,https://www.dia.es/product_images/300100/300100_ISO_0_ES.jpg?imwidth=392,"4,99 €",Grasas 1.5g de las cuales saturadas 0.1g Hidratos de Carbono 0g de los cuales azúcares 0g Proteínas 11.3g Sal 0.23g,No disponible,"(16,63 €/KILO)"
Nuggets de pollo Al Punto Dia bolsa 400 g,https://www.dia.es/congelados/carne-y-pollo/p/275642,https://www.dia.es/product_images/275642/275642_ISO_0_ES.jpg?imwidth=392,"2,99 €",Grasas 10.2g de las cuales saturadas 2.2g Hidratos de Carbono 14.6g de los cuales azúcares 1g Proteínas 14.2g Sal 1.54g,No disponible,"(7,48 €/KILO)"
San jacobo Al Punto Dia bolsa 320 g,https://www.dia.es/congelados/carne-y-pollo/p/43657,https://www.dia.es/product_images/43657/43657_ISO_0_ES.jpg?imwidth=392,"1,19 €",Grasas 3.3g de las cuales saturadas 1g Hidratos de Carbono 26.6g de los cuales azúcares 1.2g Proteínas 7.6g Sal 2.19g,No disponible,"(3,72 €/KILO)"
Fingers de pollo Al Punto Dia bolsa 400 g,https://www.dia.es/congelados/carne-y-pollo/p/275644,https://www.dia.es/product_images/275644/275644_ISO_0_ES.jpg?imwidth=392,"3,19 €",Grasas 10g de las cuales saturadas 1.8g Hidratos de Carbono 23g de los cuales azúcares 2.3g Proteínas 15g Sal 1.1g,No disponible,"(7,98 €/KILO)"
Kebab loncheado de pollo Gourmet Kebab bolsa 250 g,https://www.dia.es/congelados/carne-y-pollo/p/293071,https://www.dia.es/product_images/293071/293071_ISO_0_ES.jpg?imwidth=392,"3,49 €",Grasas 9.8g de las cuales saturadas 2.6g Hidratos de Carbono 1g de los cuales azúcares 0.5g Proteínas 21.2g Sal 1.7g,No disponible,"(13,96 €/KILO)"
Crunchy de pollo con salsa barbacoa Fripozo bolsa 300 g,https://www.dia.es/congelados/carne-y-pollo/p/230004,https://www.dia.es/product_images/230004/230004_ISO_0_ES.jpg?imwidth=392,"2,49 €",Grasas 8.3g de las cuales saturadas 2g Hidratos de Carbono 22g de los cuales azúcares 6.3g Proteínas 11g Sal 1.6g,No disponible,"(8,30 €/KILO)"
Nuggets de pollo y queso Al Punto Dia bolsa 400 g,https://www.dia.es/congelados/carne-y-pollo/p/275643,https://www.dia.es/product_images/275643/275643_ISO_0_ES.jpg?imwidth=392,"3,39 €",Grasas 12.7g de las cuales saturadas 2.4g Hidratos de Carbono 20.6g de los cuales azúcares 2.7g Proteínas 11.2g Sal 1.67g,No disponible,"(8,48 €/KILO)"
Finger de pollo La cocinera caja 320 g,https://www.dia.es/congelados/carne-y-pollo/p/151245,https://www.dia.es/product_images/151245/151245_ISO_0_ES.jpg?imwidth=392,"4,99 €",Grasas 15g de las cuales saturadas 2g Hidratos de Carbono 23g de los cuales azúcares 0.5g Fibra alimentaria 1.1g Proteínas 13g Sal 1.2g,No disponible,"(15,59 €/KILO)"
Mezcla de pimientos Vegecampo de Dia bolsa 400 g,https://www.dia.es/congelados/verduras-hortalizas-y-salteados/p/283127,https://www.dia.es/product_images/283127/283127_ISO_0_ES.jpg?imwidth=392,"1,00 €",Grasas 0.3g de las cuales saturadas 0.1g Hidratos de Carbono 3.5g de los cuales azúcares 3.3g Proteínas 0.8g Sal 0.01g,No disponible,"(2,50 €/KILO)"
Cebolla troceada Vegecampo de Dia bolsa 400 g,https://www.dia.es/congelados/verduras-hortalizas-y-salteados/p/51713,https://www.dia.es/product_images/51713/51713_ISO_0_ES.jpg?imwidth=392,"0,91 €",Grasas 0g Hidratos de Carbono 5.7g de los cuales azúcares 3.5g Fibra alimentaria 1.2g Proteínas 0.6g Sal 0.02g,No disponible,"(2,28 €/KILO)"
Arroz tres delicias Al Punto Dia bolsa 850 g,https://www.dia.es/congelados/verduras-hortalizas-y-salteados/p/267141,https://www.dia.es/product_images/267141/267141_ISO_0_ES.jpg?imwidth=392,"2,42 €",Grasas 2.4g de las cuales saturadas 0.6g Hidratos de Carbono 25.8g de los cuales azúcares 0.7g Fibra alimentaria 1g Proteínas 4.8g Sal 0.69g,No disponible,"(2,85 €/KILO)"
Brócoli Vegecampo de Dia bolsa 900 g,https://www.dia.es/congelados/verduras-hortalizas-y-salteados/p/264185,https://www.dia.es/product_images/264185/264185_ISO_0_ES.jpg?imwidth=392,"1,88 €",Grasas 0.5g de las cuales saturadas 0.1g Hidratos de Carbono 3.5g de los cuales azúcares 1.5g Fibra alimentaria 6.6g Proteínas 2.4g Sal 0.03g,No disponible,"(2,09 €/KILO)"
Guisantes Vegecampo de Dia bolsa 1 Kg,https://www.dia.es/congelados/verduras-hortalizas-y-salteados/p/263266,https://www.dia.es/product_images/263266/263266_ISO_0_ES.jpg?imwidth=392,"1,62 €",Grasas 0.4g de las cuales saturadas 0.1g Hidratos de Carbono 14g de los cuales azúcares 4.7g Fibra alimentaria 4.5g Proteínas 6.3g Sal 0.18g,No disponible,"(1,62 €/KILO)"
Braseado de verduras con pollo asado Al Punto Dia bolsa 400 g,https://www.dia.es/congelados/verduras-hortalizas-y-salteados/p/267138,https://www.dia.es/product_images/267138/267138_ISO_0_ES.jpg?imwidth=392,"1,89 €",Grasas 2.7g de las cuales saturadas 0.4g Hidratos de Carbono 5.7g de los cuales azúcares 4.9g Proteínas 5.1g Sal 0.93g,No disponible,"(4,73 €/KILO)"
Salteado de setas Al Punto Dia bolsa 450 g,https://www.dia.es/congelados/verduras-hortalizas-y-salteados/p/84650,https://www.dia.es/product_images/84650/84650_ISO_0_ES.jpg?imwidth=392,"1,58 €",Grasas 0g de las cuales saturadas 0g Hidratos de Carbono 1.4g de los cuales azúcares 0.2g Proteínas 1.3g Sal 0.02g,No disponible,"(3,51 €/KILO)"
Espinacas cortadas Vegecampo de Dia bolsa 450 g,https://www.dia.es/congelados/verduras-hortalizas-y-salteados/p/263820,https://www.dia.es/product_images/263820/263820_ISO_0_ES.jpg?imwidth=392,"0,97 €",Grasas 1g de las cuales saturadas 1g Hidratos de Carbono 1.7g de los cuales azúcares 0.3g Proteínas 2.5g Sal 0.15g,No disponible,"(2,16 €/KILO)"
Judías verdes planas Vegecampo de Dia bolsa 1 Kg,https://www.dia.es/congelados/verduras-hortalizas-y-salteados/p/263267,https://www.dia.es/product_images/263267/263267_ISO_0_ES.jpg?imwidth=392,"1,58 €",Grasas 0.1g de las cuales saturadas 0.05g Hidratos de Carbono 6.1g de los cuales azúcares 1.2g Fibra alimentaria 3g Proteínas 1.9g Sal 0.01g,No disponible,"(1,58 €/KILO)"
Ajo troceado Vegecampo de Dia bolsa 150 g,https://www.dia.es/congelados/verduras-hortalizas-y-salteados/p/253954,https://www.dia.es/product_images/253954/253954_ISO_0_ES.jpg?imwidth=392,"1,01 €",Grasas 0.3g de las cuales saturadas 0.1g Hidratos de Carbono 4.6g de los cuales azúcares 2.4g Fibra alimentaria 3g Proteínas 2.1g Sal 0.95g,No disponible,"(6,73 €/KILO)"
Salteado de verduras Al Punto Dia bolsa 450 g,https://www.dia.es/congelados/verduras-hortalizas-y-salteados/p/267132,https://www.dia.es/product_images/267132/267132_ISO_0_ES.jpg?imwidth=392,"1,11 €",Grasas 0.3g de las cuales saturadas 1g Hidratos de Carbono 4.5g de los cuales azúcares 2.2g Fibra alimentaria 2g Proteínas 1.6g Sal 0.04g,No disponible,"(2,47 €/KILO)"
Menestra de verduras Vegecampo de Dia bolsa 1 Kg,https://www.dia.es/congelados/verduras-hortalizas-y-salteados/p/1389,https://www.dia.es/product_images/1389/1389_ISO_0_ES.jpg?imwidth=392,"1,72 €",Grasas 0.2g de las cuales saturadas 0.1g Hidratos de Carbono 7.9g de los cuales azúcares 2.8g Fibra alimentaria 3.6g Proteínas 3.2g Sal 0.13g,No disponible,"(1,72 €/KILO)"
Ensaladilla  Vegecampo de Dia bolsa 1 Kg,https://www.dia.es/congelados/verduras-hortalizas-y-salteados/p/265078,https://www.dia.es/product_images/265078/265078_ISO_0_ES.jpg?imwidth=392,"1,00 €",Grasas 0.2g de las cuales saturadas 0.1g Hidratos de Carbono 14g de los cuales azúcares 7.2g Fibra alimentaria 2.3g Proteínas 2.4g Sal 0.08g,No disponible,"(1,00 €/KILO)"
"Salteado de gambas, ajetes y espárragos verdes Al Punto Dia bolsa 400 g",https://www.dia.es/congelados/verduras-hortalizas-y-salteados/p/267139,https://www.dia.es/product_images/267139/267139_ISO_0_ES.jpg?imwidth=392,"2,79 €",Grasas 0.4g de las cuales saturadas 0.1g Hidratos de Carbono 3.8g de los cuales azúcares 1.9g Proteínas 4.1g Sal 0.85g,No disponible,"(6,98 €/KILO)"
Pisto de verduras con tomate Al Punto Dia bolsa 450 g,https://www.dia.es/congelados/verduras-hortalizas-y-salteados/p/267137,https://www.dia.es/product_images/267137/267137_ISO_0_ES.jpg?imwidth=392,"1,99 €",Grasas 5.7g de las cuales saturadas 0.8g Hidratos de Carbono 5.8g de los cuales azúcares 4.3g Fibra alimentaria 1.8g Proteínas 1.7g Sal 0.83g,No disponible,"(4,42 €/KILO)"
"Brócoli, coliflor y zanahoria Vegecampo de Dia bolsa 1 Kg",https://www.dia.es/congelados/verduras-hortalizas-y-salteados/p/265079,https://www.dia.es/product_images/265079/265079_ISO_0_ES.jpg?imwidth=392,"2,04 €",Grasas 0.5g de las cuales saturadas 0.1g Hidratos de Carbono 5g de los cuales azúcares 1g Fibra alimentaria 2.8g Proteínas 1.6g Sal 0.08g,No disponible,"(2,04 €/KILO)"
Coliflor Vegecampo de Dia bolsa 1 Kg,https://www.dia.es/congelados/verduras-hortalizas-y-salteados/p/264612,https://www.dia.es/product_images/264612/264612_ISO_0_ES.jpg?imwidth=392,"2,09 €",Grasas 0g de las cuales saturadas 0g Hidratos de Carbono 3.5g de los cuales azúcares 2.4g Fibra alimentaria 2.3g Proteínas 2g Sal 0.04g,No disponible,"(2,09 €/KILO)"
Parrillada de verduras asadas Al Punto Dia bolsa 450 g,https://www.dia.es/congelados/verduras-hortalizas-y-salteados/p/267133,https://www.dia.es/product_images/267133/267133_ISO_0_ES.jpg?imwidth=392,"1,69 €",Grasas 3.2g de las cuales saturadas 0.4g Hidratos de Carbono 9.6g de los cuales azúcares 4.4g Proteínas 2.3g Sal 0.98g,No disponible,"(3,76 €/KILO)"
Quinoa con verduras  Al Punto Dia bolsa 400 g,https://www.dia.es/congelados/verduras-hortalizas-y-salteados/p/267140,https://www.dia.es/product_images/267140/267140_ISO_0_ES.jpg?imwidth=392,"1,99 €",Grasas 3.6g de las cuales saturadas 0.6g Hidratos de Carbono 15g de los cuales azúcares 1.3g Proteínas 4.9g Sal 0.71g,No disponible,"(4,98 €/KILO)"
Judías verdes redondas Vegecampo de Dia bolsa 1 Kg,https://www.dia.es/congelados/verduras-hortalizas-y-salteados/p/264698,https://www.dia.es/product_images/264698/264698_ISO_0_ES.jpg?imwidth=392,"1,58 €",Grasas 0g de las cuales saturadas 0g Hidratos de Carbono 4.1g de los cuales azúcares 2.1g Fibra alimentaria 3g Proteínas 1.5g Sal 0.01g,No disponible,"(1,58 €/KILO)"
Patatas prefritas Patatas Unidas Dia bolsa 2 Kg,https://www.dia.es/congelados/patatas-fritas/p/280262,https://www.dia.es/product_images/280262/280262_ISO_0_ES.jpg?imwidth=392,"3,21 €",Grasas 3.1g de las cuales saturadas 0.4g Hidratos de Carbono 21g de los cuales azúcares 0.4g Proteínas 2.3g Sal 0.1g,No disponible,"(1,61 €/KILO)"
Patatas prefritas Patatas Unidas Dia bolsa 1 Kg,https://www.dia.es/congelados/patatas-fritas/p/262861,https://www.dia.es/product_images/262861/262861_ISO_0_ES.jpg?imwidth=392,"1,83 €",Grasas 3.5g de las cuales saturadas 1.8g Hidratos de Carbono 24g de los cuales azúcares 0.2g Proteínas 2.5g Sal 0.02g,No disponible,"(1,83 €/KILO)"
Patatas finas prefritas Patatas Unidas Dia bolsa 1 Kg,https://www.dia.es/congelados/patatas-fritas/p/262863,https://www.dia.es/product_images/262863/262863_ISO_0_ES.jpg?imwidth=392,"1,89 €",Grasas 6g de las cuales saturadas 1.8g Hidratos de Carbono 26g de los cuales azúcares 1g Proteínas 2.7g Sal 0.08g,No disponible,"(1,89 €/KILO)"
Patatas gajo Patatas Unidas Dia bolsa 750 g,https://www.dia.es/congelados/patatas-fritas/p/262685,https://www.dia.es/product_images/262685/262685_ISO_0_ES.jpg?imwidth=392,"1,80 €",Grasas 3.6g de las cuales saturadas 0.5g Hidratos de Carbono 19g de los cuales azúcares 0.4g Proteínas 2.2g Sal 0.42g,No disponible,"(2,40 €/KILO)"
Patatas fritas tradition McCain bolsa 1 Kg,https://www.dia.es/congelados/patatas-fritas/p/194709,https://www.dia.es/product_images/194709/194709_ISO_0_ES.jpg?imwidth=392,"3,72 €",Grasas 4g de las cuales saturadas 0.4g de las cuales monoinsaturadas 1.6g de las cuales poliinsaturadas 2g Hidratos de Carbono 20.5g de los cuales azúcares 0.5g Fibra alimentaria 2.5g Proteínas 2.5g Sal 0.1g,No disponible,"(3,72 €/KILO)"
Patatas bravas prefritas Patatas Unidas Dia bolsa 750 g,https://www.dia.es/congelados/patatas-fritas/p/262686,https://www.dia.es/product_images/262686/262686_ISO_0_ES.jpg?imwidth=392,"1,93 €",Grasas 3g de las cuales saturadas 0.4g Hidratos de Carbono 22g de los cuales azúcares 0.5g Proteínas 2.4g Sal 0.08g,No disponible,"(2,57 €/KILO)"
Patatas fritas corte fino Julienne McCain Airfryer bolsa 600 g,https://www.dia.es/congelados/patatas-fritas/p/300424,https://www.dia.es/product_images/300424/300424_ISO_0_ES.jpg?imwidth=392,"3,39 €",Grasas 7g de las cuales saturadas 0.8g Hidratos de Carbono 22.5g de los cuales azúcares 0.5g Fibra alimentaria 3g Proteínas 3g Sal 0.4g,No disponible,"(5,65 €/KILO)"
Patatas gajo barbacoa McCain bolsa 750 g,https://www.dia.es/congelados/patatas-fritas/p/250786,https://www.dia.es/product_images/250786/250786_ISO_0_ES.jpg?imwidth=392,"3,49 €",Grasas 4g de las cuales saturadas 0.4g de las cuales monoinsaturadas 1.6g de las cuales poliinsaturadas 2g Hidratos de Carbono 21g de los cuales azúcares 0.5g Fibra alimentaria 2.5g Proteínas 2.5g Sal 0.6g,No disponible,"(4,65 €/KILO)"
Patatas fritas con piel McCain Chef Gourmet bolsa 500 g,https://www.dia.es/congelados/patatas-fritas/p/274411,https://www.dia.es/product_images/274411/274411_ISO_0_ES.jpg?imwidth=392,"3,39 €",Grasas 5.5g de las cuales saturadas 0.6g de las cuales monoinsaturadas 2.2g de las cuales poliinsaturadas 2.7g Hidratos de Carbono 25g de los cuales azúcares 0.5g Fibra alimentaria 2.5g Proteínas 2g Sal 0.5g,No disponible,"(6,78 €/KILO)"
Patatas fritas golden long McCain bolsa 1 Kg,https://www.dia.es/congelados/patatas-fritas/p/23106,https://www.dia.es/product_images/23106/23106_ISO_0_ES.jpg?imwidth=392,"3,87 €",Grasas 7.5g Hidratos de Carbono 22g de los cuales azúcares 0.5g Fibra alimentaria 2.5g Proteínas 2.5g Sal 0.1g,No disponible,"(3,87 €/KILO)"
Mini empanadillas de atún Al Punto Dia bolsa 400 g,https://www.dia.es/congelados/croquetas-y-rebozados/p/1413,https://www.dia.es/product_images/1413/1413_ISO_0_ES.jpg?imwidth=392,"1,53 €",Grasas 10.5g de las cuales saturadas 4.1g Hidratos de Carbono 30g de los cuales azúcares 5.2g Proteínas 6.3g Sal 0.6g,No disponible,"(3,83 €/KILO)"
Croquetas de jamón Al Punto Dia bolsa 500 g,https://www.dia.es/congelados/croquetas-y-rebozados/p/52974,https://www.dia.es/product_images/52974/52974_ISO_0_ES.jpg?imwidth=392,"1,25 €",Grasas 9.5g de las cuales saturadas 1.8g Hidratos de Carbono 21g de los cuales azúcares 3.7g Fibra alimentaria 2g Proteínas 7.4g Sal 0.77g,No disponible,"(2,50 €/KILO)"
Gyozas de pollo Vici bolsa 400 g,https://www.dia.es/congelados/croquetas-y-rebozados/p/279115,https://www.dia.es/product_images/279115/279115_ISO_0_ES.jpg?imwidth=392,"3,99 €",Grasas 4.8g de las cuales saturadas 0.73g Hidratos de Carbono 22.5g de los cuales azúcares 0.15g Proteínas 10.2g Sal 0.82g,No disponible,"(9,98 €/KILO)"
Empanadillas de atún MSC La cocinera caja 312 g,https://www.dia.es/congelados/croquetas-y-rebozados/p/912,https://www.dia.es/product_images/912/912_ISO_0_ES.jpg?imwidth=392,"4,99 €",Grasas 14g de las cuales saturadas 2.5g Hidratos de Carbono 27g de los cuales azúcares 6g Fibra alimentaria 2.2g Proteínas 5.9g Sal 0.91g,No disponible,"(15,99 €/KILO)"
Empanadillas de atún Al Punto Dia bolsa 500 g,https://www.dia.es/congelados/croquetas-y-rebozados/p/275645,https://www.dia.es/product_images/275645/275645_ISO_0_ES.jpg?imwidth=392,"1,90 €",Grasas 11g de las cuales saturadas 4.2g Hidratos de Carbono 32g de los cuales azúcares 4.6g Proteínas 6.3g Sal 0.7g,No disponible,"(3,80 €/KILO)"
Croquetas de cocido Al Punto Dia bolsa 350 g,https://www.dia.es/congelados/croquetas-y-rebozados/p/275648,https://www.dia.es/product_images/275648/275648_ISO_0_ES.jpg?imwidth=392,"1,99 €",Grasas 7g de las cuales saturadas 1.4g Hidratos de Carbono 16g de los cuales azúcares 1.4g Proteínas 11.3g Sal 0.85g,No disponible,"(5,69 €/KILO)"
Palitos de mozzarella Al Punto Dia bolsa 300 g,https://www.dia.es/congelados/croquetas-y-rebozados/p/294202,https://www.dia.es/product_images/294202/294202_ISO_0_ES.jpg?imwidth=392,"2,59 €",Grasas 17g de las cuales saturadas 7.3g Hidratos de Carbono 22g de los cuales azúcares 1.8g Proteínas 13g Sal 1.6g,No disponible,"(8,63 €/KILO)"
Croquetas de pollo Al Punto Dia bolsa 450 g,https://www.dia.es/congelados/croquetas-y-rebozados/p/275647,https://www.dia.es/product_images/275647/275647_ISO_0_ES.jpg?imwidth=392,"1,49 €",Grasas 5.3g de las cuales saturadas 2g Hidratos de Carbono 23.2g de los cuales azúcares 6g Proteínas 7.3g Sal 1.01g,No disponible,"(3,31 €/KILO)"
Croquetas cremosas de queso azul y cebolla caramelizada Al Punto Dia bolsa 300 g,https://www.dia.es/congelados/croquetas-y-rebozados/p/303139,https://www.dia.es/product_images/303139/303139_ISO_0_ES.jpg?imwidth=392,"2,99 €",Grasas 13g de las cuales saturadas 4.6g Hidratos de Carbono 21.9g de los cuales azúcares 8.5g Proteínas 6.8g Sal 1.19g,No disponible,"(9,97 €/KILO)"
Croquetas cremosas de jamón ibérico Al Punto Dia bolsa 350 g,https://www.dia.es/congelados/croquetas-y-rebozados/p/296392,https://www.dia.es/product_images/296392/296392_ISO_0_ES.jpg?imwidth=392,"2,49 €",Grasas 8.3g de las cuales saturadas 2.3g Hidratos de Carbono 18g de los cuales azúcares 3.3g Proteínas 9.4g Sal 1.1g,No disponible,"(7,11 €/KILO)"
Rollitos de primavera Al Punto Dia caja 450 g,https://www.dia.es/congelados/croquetas-y-rebozados/p/65417,https://www.dia.es/product_images/65417/65417_ISO_0_ES.jpg?imwidth=392,"2,99 €",Grasas 1g de las cuales saturadas 0.2g Hidratos de Carbono 23.6g de los cuales azúcares 4.3g Proteínas 3.6g Sal 0.68g,No disponible,"(6,64 €/KILO)"
Tequeños de queso Amaizin caja 190 g,https://www.dia.es/congelados/croquetas-y-rebozados/p/294771,https://www.dia.es/product_images/294771/294771_ISO_0_ES.jpg?imwidth=392,"2,99 €",Grasas 20.86g de las cuales saturadas 7.64g Hidratos de Carbono 36.01g de los cuales azúcares 3.24g Proteínas 10.83g Sal 2.61g,No disponible,"(15,74 €/KILO)"
Croquetas cremosas de pollo y trufa Al Punto Dia bolsa 300 g,https://www.dia.es/congelados/croquetas-y-rebozados/p/303141,https://www.dia.es/product_images/303141/303141_ISO_0_ES.jpg?imwidth=392,"2,99 €",Grasas 9.4g de las cuales saturadas 2.2g Hidratos de Carbono 18.7g de los cuales azúcares 6.7g Proteínas 10.7g Sal 1.05g,No disponible,"(9,97 €/KILO)"
Croquetas cremosas de gambón Al Punto Dia bolsa 300 g,https://www.dia.es/congelados/croquetas-y-rebozados/p/303138,https://www.dia.es/product_images/303138/303138_ISO_0_ES.jpg?imwidth=392,"2,99 €",Grasas 14g de las cuales saturadas 3.4g Hidratos de Carbono 18.7g de los cuales azúcares 6.6g Proteínas 7.4g Sal 1.08g,No disponible,"(9,97 €/KILO)"
Croquetas cremosas de boletus edulis Al Punto Dia bolsa 300 g,https://www.dia.es/congelados/croquetas-y-rebozados/p/303140,https://www.dia.es/product_images/303140/303140_ISO_0_ES.jpg?imwidth=392,"2,99 €",Grasas 11g de las cuales saturadas 2.5g Hidratos de Carbono 21.3g de los cuales azúcares 6.9g Proteínas 5.3g Sal 1.09g,No disponible,"(9,97 €/KILO)"
Croquetas artesanas de jamón ibérico La cocinera bolsa 400 g,https://www.dia.es/congelados/croquetas-y-rebozados/p/130345,https://www.dia.es/product_images/130345/130345_ISO_0_ES.jpg?imwidth=392,"4,95 €",Grasas 5.6g de las cuales saturadas 1.29g Hidratos de Carbono 22.29g de los cuales azúcares 1.82g Fibra alimentaria 0.37g Proteínas 6.14g Sal 1.11g,No disponible,"(12,38 €/KILO)"
Churros lazo Al Punto Dia bolsa 500 g,https://www.dia.es/congelados/churros-y-postres/p/294456,https://www.dia.es/product_images/294456/294456_ISO_0_ES.jpg?imwidth=392,"1,49 €",Grasas 0.5g de las cuales saturadas 0.1g Hidratos de Carbono 29g de los cuales azúcares 1.5g Proteínas 3.3g Sal 0.91g,No disponible,"(2,98 €/KILO)"
Frutos rojos Congelados de Navarra bolsa 300 g,https://www.dia.es/congelados/churros-y-postres/p/290110,https://www.dia.es/product_images/290110/290110_ISO_0_ES.jpg?imwidth=392,"1,62 €",Grasas 0.3g de las cuales saturadas 0.05g Hidratos de Carbono 12.7g de los cuales azúcares 5.9g Fibra alimentaria 3.3g Proteínas 0.7g Sal 0.05g,No disponible,"(5,40 €/KILO)"
Porras fritas Al Punto Dia bolsa 250 g,https://www.dia.es/congelados/churros-y-postres/p/294457,https://www.dia.es/product_images/294457/294457_ISO_0_ES.jpg?imwidth=392,"1,98 €",Grasas 7.6g de las cuales saturadas 1g Hidratos de Carbono 49g de los cuales azúcares 2.7g Proteínas 6.1g Sal 1.4g,No disponible,"(7,92 €/KILO)"
Fresas congeladas La cuerva bolsa 300 g,https://www.dia.es/congelados/churros-y-postres/p/301001,https://www.dia.es/product_images/301001/301001_ISO_0_ES.jpg?imwidth=392,"1,68 €",Grasas 0.3g de las cuales saturadas 0.01g Hidratos de Carbono 7.7g de los cuales azúcares 4.9g Fibra alimentaria 2g Proteínas 0.8g Sal 0.01g,No disponible,"(5,60 €/KILO)"
Tarta de queso con frambuesas Philadelphia caja 390 g,https://www.dia.es/congelados/churros-y-postres/p/257686,https://www.dia.es/product_images/257686/257686_ISO_0_ES.jpg?imwidth=392,"7,35 €",Grasas 21g de las cuales saturadas 12.7g Hidratos de Carbono 32g de los cuales azúcares 29g Fibra alimentaria 0.7g Proteínas 4.1g Sal 0.8g,No disponible,"(18,85 €/KILO)"
Brazo de chocolate Sietem bandeja 500 g,https://www.dia.es/congelados/churros-y-postres/p/289201,https://www.dia.es/product_images/289201/289201_ISO_0_ES.jpg?imwidth=392,"6,99 €",Grasas 19.68g de las cuales saturadas 11.29g Hidratos de Carbono 31.38g de los cuales azúcares 24.52g Proteínas 5.09g Sal 0.24g,No disponible,"(13,98 €/KILO)"
Tarta bombón San Martín bandeja 1 Kg,https://www.dia.es/congelados/churros-y-postres/p/218126,https://www.dia.es/product_images/218126/218126_ISO_0_ES.jpg?imwidth=392,"10,95 €",Grasas 16g de las cuales saturadas 3.2g Hidratos de Carbono 48g de los cuales azúcares 25g Fibra alimentaria 2.4g Proteínas 3.9g Sal 0.85g,No disponible,"(10,95 €/KILO)"
Tarta de zanahoria San Martín bandeja 770 g,https://www.dia.es/congelados/churros-y-postres/p/284586,https://www.dia.es/product_images/284586/284586_ISO_0_ES.jpg?imwidth=392,"10,59 €",Grasas 15g de las cuales saturadas 5.8g Hidratos de Carbono 41g de los cuales azúcares 25g Fibra alimentaria 2g Proteínas 4.8g Sal 0.65g,No disponible,"(13,75 €/KILO)"
Tarta red velvet San Martín bandeja 625 g,https://www.dia.es/congelados/churros-y-postres/p/304288,https://www.dia.es/product_images/304288/304288_ISO_0_ES.jpg?imwidth=392,"10,59 €",Grasas 21g de las cuales saturadas 7.9g Hidratos de Carbono 44g de los cuales azúcares 31g Fibra alimentaria 2.3g Proteínas 4.4g Sal 1g,No disponible,"(16,94 €/KILO)"
Tarta bombón infantil niño San Martín bandeja 500 g,https://www.dia.es/congelados/churros-y-postres/p/284584,https://www.dia.es/product_images/284584/284584_ISO_0_ES.jpg?imwidth=392,"6,25 €",Grasas 18g de las cuales saturadas 15g Hidratos de Carbono 35g de los cuales azúcares 23g Fibra alimentaria 3.1g Proteínas 2.4g Sal 0.17g,No disponible,"(12,50 €/KILO)"
Canelón de carne Al Punto Dia bolsa 300 g,https://www.dia.es/congelados/lasanas-y-pasta/p/275225,https://www.dia.es/product_images/275225/275225_ISO_0_ES.jpg?imwidth=392,"1,00 €",Grasas 4.8g de las cuales saturadas 1.7g Hidratos de Carbono 13.8g de los cuales azúcares 2g Proteínas 8.9g Sal 0.65g,No disponible,"(3,33 €/KILO)"
Canelón de atún Al Punto Dia caja 300 g,https://www.dia.es/congelados/lasanas-y-pasta/p/275226,https://www.dia.es/product_images/275226/275226_ISO_0_ES.jpg?imwidth=392,"1,00 €",Grasas 5g de las cuales saturadas 1.6g Hidratos de Carbono 15g de los cuales azúcares 3.2g Proteínas 7.3g Sal 0.85g,No disponible,"(3,33 €/KILO)"
Lasaña boloñesa Al Punto Dia caja 300 g,https://www.dia.es/congelados/lasanas-y-pasta/p/275223,https://www.dia.es/product_images/275223/275223_ISO_0_ES.jpg?imwidth=392,"1,67 €",Grasas 7.7g de las cuales saturadas 2.8g Hidratos de Carbono 17.1g de los cuales azúcares 3.2g Proteínas 8.3g Sal 0.9g,No disponible,"(5,57 €/KILO)"
Lasaña de verdura Al Punto Dia bolsa 300 g,https://www.dia.es/congelados/lasanas-y-pasta/p/275228,https://www.dia.es/product_images/275228/275228_ISO_0_ES.jpg?imwidth=392,"1,67 €",Grasas 6.3g de las cuales saturadas 1.9g Hidratos de Carbono 14.4g de los cuales azúcares 2.6g Fibra alimentaria 3g Proteínas 4.4g Sal 0.6g,No disponible,"(5,57 €/KILO)"
Canelones de cochinillo Al Punto Dia caja 300 g,https://www.dia.es/congelados/lasanas-y-pasta/p/303107,https://www.dia.es/product_images/303107/303107_ISO_0_ES.jpg?imwidth=392,"2,49 €",Grasas 7.2g de las cuales saturadas 2.4g Hidratos de Carbono 15g de los cuales azúcares 1.7g Proteínas 7.6g Sal 0.9g,No disponible,"(8,30 €/KILO)"
Canelones de foie y trufa Al Punto Dia caja 300 g,https://www.dia.es/congelados/lasanas-y-pasta/p/303106,https://www.dia.es/product_images/303106/303106_ISO_0_ES.jpg?imwidth=392,"2,49 €",Grasas 5.5g de las cuales saturadas 1.7g Hidratos de Carbono 12.9g de los cuales azúcares 2.1g Proteínas 7.7g Sal 0.78g,No disponible,"(8,30 €/KILO)"
Canelones de marisco Al Punto Dia caja 300 g,https://www.dia.es/congelados/lasanas-y-pasta/p/303109,https://www.dia.es/product_images/303109/303109_ISO_0_ES.jpg?imwidth=392,"2,49 €",Grasas 6.2g de las cuales saturadas 2g Hidratos de Carbono 13.7g de los cuales azúcares 3.3g Proteínas 6.6g Sal 0.9g,No disponible,"(8,30 €/KILO)"
Lasaña boloñesa La cocinera caja 500 g,https://www.dia.es/congelados/lasanas-y-pasta/p/16263,https://www.dia.es/product_images/16263/16263_ISO_0_ES.jpg?imwidth=392,"4,99 €",Grasas 7.5g de las cuales saturadas 2.1g Hidratos de Carbono 13g de los cuales azúcares 3.3g Fibra alimentaria 0.6g Proteínas 7.5g Sal 0.76g,No disponible,"(9,98 €/KILO)"
Agua mineral natural Dia garrafa 5 l,https://www.dia.es/agua-refrescos-y-zumos/agua/p/26996,https://www.dia.es/product_images/26996/26996_ISO_0_ES.jpg?imwidth=392,"0,65 €",No disponible,No disponible,"(0,13 €/LITRO)"
Agua mineral natural Dia botella 1.5 l,https://www.dia.es/agua-refrescos-y-zumos/agua/p/26995,https://www.dia.es/product_images/26995/26995_ISO_0_ES.jpg?imwidth=392,"0,25 €",No disponible,No disponible,"(0,17 €/LITRO)"
Agua mineral natural Bezoya botella 6 x 1.5 l,https://www.dia.es/agua-refrescos-y-zumos/agua/p/44302P6,https://www.dia.es/product_images/44302P6/44302P6_ISO_0_ES.jpg?imwidth=392,"4,44 €",No disponible,No disponible,"(0,49 €/LITRO)"
Agua mineral con gas Dia botella 1.5 l,https://www.dia.es/agua-refrescos-y-zumos/agua/p/99265,https://www.dia.es/product_images/99265/99265_ISO_0_ES.jpg?imwidth=392,"0,41 €",No disponible,No disponible,"(0,27 €/LITRO)"
Agua mineral natural Aquabona pack 6 x 1.5 l,https://www.dia.es/agua-refrescos-y-zumos/agua/p/53267P6,https://www.dia.es/product_images/53267P6/53267P6_ISO_0_ES.jpg?imwidth=392,"3,90 €",No disponible,No disponible,"(0,43 €/LITRO)"
Agua mineral natural Dia botella 50 cl,https://www.dia.es/agua-refrescos-y-zumos/agua/p/37776,https://www.dia.es/product_images/37776/37776_ISO_0_ES.jpg?imwidth=392,"0,22 €",No disponible,No disponible,"(0,44 €/LITRO)"
Agua mineral natural Aquarel pack 6 x 1.5 l,https://www.dia.es/agua-refrescos-y-zumos/agua/p/38301P6,https://www.dia.es/product_images/38301P6/38301P6_ISO_0_ES.jpg?imwidth=392,"3,54 €",No disponible,No disponible,"(0,39 €/LITRO)"
Agua mineral natural Dia botella 75 cl,https://www.dia.es/agua-refrescos-y-zumos/agua/p/302520,https://www.dia.es/product_images/302520/302520_ISO_0_ES.jpg?imwidth=392,"0,47 €",No disponible,No disponible,"(0,63 €/LITRO)"
Agua mineral natural Aquarel garrafa 5 l,https://www.dia.es/agua-refrescos-y-zumos/agua/p/40570,https://www.dia.es/product_images/40570/40570_ISO_0_ES.jpg?imwidth=392,"1,75 €",No disponible,2ª ud al 50% dto. agua mineral aquarel 5 l,No disponible
Agua mineral natural Solán de Cabras botella 50 cl,https://www.dia.es/agua-refrescos-y-zumos/agua/p/144819,https://www.dia.es/product_images/144819/144819_ISO_0_ES.jpg?imwidth=392,"0,76 €",No disponible,No disponible,"(1,52 €/LITRO)"
Agua mineral con gas Dia botella 50 cl,https://www.dia.es/agua-refrescos-y-zumos/agua/p/24874,https://www.dia.es/product_images/24874/24874_ISO_0_ES.jpg?imwidth=392,"0,27 €",No disponible,No disponible,"(0,54 €/LITRO)"
Agua mineral natural Solán de Cabras botella 1.5 l,https://www.dia.es/agua-refrescos-y-zumos/agua/p/56684,https://www.dia.es/product_images/56684/56684_ISO_0_ES.jpg?imwidth=392,"0,87 €",No disponible,No disponible,"(0,58 €/LITRO)"
Agua mineral natural Aquarel pack 2 x 5 l,https://www.dia.es/agua-refrescos-y-zumos/agua/p/40570P2,https://www.dia.es/product_images/40570P2/40570P2_ISO_0_ES.jpg?imwidth=392,"3,50 €",No disponible,2ª ud al 50% dto. agua mineral aquarel 5 l,No disponible
Agua mineral natural Fuente primavera pack 6 x 1 l,https://www.dia.es/agua-refrescos-y-zumos/agua/p/297837P6,https://www.dia.es/product_images/297837P6/297837P6_ISO_0_ES.jpg?imwidth=392,"2,94 €",No disponible,No disponible,"(0,49 €/LITRO)"
Agua mineral natural Dia botella 33 cl,https://www.dia.es/agua-refrescos-y-zumos/agua/p/50567,https://www.dia.es/product_images/50567/50567_ISO_0_ES.jpg?imwidth=392,"0,24 €",No disponible,No disponible,"(0,73 €/LITRO)"
Agua mineral natural Font Vella pack 6 x 1.5 l,https://www.dia.es/agua-refrescos-y-zumos/agua/p/85P6,https://www.dia.es/product_images/85P6/85P6_ISO_0_ES.jpg?imwidth=392,"4,38 €",No disponible,No disponible,"(0,49 €/LITRO)"
Agua mineral natural Aquarel pack 6 x 33 cl,https://www.dia.es/agua-refrescos-y-zumos/agua/p/41117P6,https://www.dia.es/product_images/41117P6/41117P6_ISO_0_ES.jpg?imwidth=392,"3,24 €",No disponible,No disponible,"(1,64 €/LITRO)"
Agua mineral natural Solán de Cabras botella 6 x 1.5 l,https://www.dia.es/agua-refrescos-y-zumos/agua/p/56684P6,https://www.dia.es/product_images/56684P6/56684P6_ISO_0_ES.jpg?imwidth=392,"5,22 €",No disponible,No disponible,"(0,58 €/LITRO)"
Agua mineral natural Lanjarón pack 6 x 1.5 l,https://www.dia.es/agua-refrescos-y-zumos/agua/p/47768P6,https://www.dia.es/product_images/47768P6/47768P6_ISO_0_ES.jpg?imwidth=392,"4,02 €",No disponible,No disponible,"(0,45 €/LITRO)"
Agua mineral natural Font Vella garrafa 6.25 l,https://www.dia.es/agua-refrescos-y-zumos/agua/p/120230,https://www.dia.es/product_images/120230/120230_ISO_0_ES.jpg?imwidth=392,"2,29 €",No disponible,No disponible,"(0,37 €/LITRO)"
Agua mineral natural Font Vella botella 1.5 l,https://www.dia.es/agua-refrescos-y-zumos/agua/p/85,https://www.dia.es/product_images/85/85_ISO_0_ES.jpg?imwidth=392,"0,73 €",No disponible,No disponible,"(0,49 €/LITRO)"
Agua mineral natural Cabreiroá pack 6 x 1.5 l,https://www.dia.es/agua-refrescos-y-zumos/agua/p/77746P6,https://www.dia.es/product_images/77746P6/77746P6_ISO_0_ES.jpg?imwidth=392,"4,38 €",No disponible,No disponible,"(0,49 €/LITRO)"
Agua mineral natural Cabreiroá botella 1.5 l,https://www.dia.es/agua-refrescos-y-zumos/agua/p/77746,https://www.dia.es/product_images/77746/77746_ISO_0_ES.jpg?imwidth=392,"0,73 €",No disponible,No disponible,"(0,49 €/LITRO)"
Agua mineral con gas Vichy botella 1 l,https://www.dia.es/agua-refrescos-y-zumos/agua/p/683,https://www.dia.es/product_images/683/683_ISO_0_ES.jpg?imwidth=392,"1,49 €",No disponible,No disponible,"(1,49 €/LITRO)"
Agua mineral natural Font Vella pack 6 x 2 l,https://www.dia.es/agua-refrescos-y-zumos/agua/p/66364P6,https://www.dia.es/product_images/66364P6/66364P6_ISO_0_ES.jpg?imwidth=392,"6,24 €",No disponible,No disponible,"(0,52 €/LITRO)"
Agua mineral natural Font Vella botella 2 l,https://www.dia.es/agua-refrescos-y-zumos/agua/p/66364,https://www.dia.es/product_images/66364/66364_ISO_0_ES.jpg?imwidth=392,"1,04 €",No disponible,No disponible,"(0,52 €/LITRO)"
Agua mineral natural Solán de Cabras garrafa 5 l,https://www.dia.es/agua-refrescos-y-zumos/agua/p/63295,https://www.dia.es/product_images/63295/63295_ISO_0_ES.jpg?imwidth=392,"2,69 €",No disponible,No disponible,"(0,54 €/LITRO)"
Agua mineral natural Aquarel botella 50 cl,https://www.dia.es/agua-refrescos-y-zumos/agua/p/54486,https://www.dia.es/product_images/54486/54486_ISO_0_ES.jpg?imwidth=392,"0,59 €",No disponible,No disponible,"(1,18 €/LITRO)"
Agua mineral natural Aquabona botella 1.5 l,https://www.dia.es/agua-refrescos-y-zumos/agua/p/53267,https://www.dia.es/product_images/53267/53267_ISO_0_ES.jpg?imwidth=392,"0,65 €",No disponible,No disponible,"(0,43 €/LITRO)"
Agua mineral natural Font Vella botella 50 cl,https://www.dia.es/agua-refrescos-y-zumos/agua/p/47771,https://www.dia.es/product_images/47771/47771_ISO_0_ES.jpg?imwidth=392,"0,66 €",No disponible,No disponible,"(1,32 €/LITRO)"
Agua mineral natural Font Vella botella 33 cl,https://www.dia.es/agua-refrescos-y-zumos/agua/p/47770,https://www.dia.es/product_images/47770/47770_ISO_0_ES.jpg?imwidth=392,"0,45 €",No disponible,No disponible,"(1,36 €/LITRO)"
Agua mineral con gas Fonter pack 6 x 1 l,https://www.dia.es/agua-refrescos-y-zumos/agua/p/47769P6,https://www.dia.es/product_images/47769P6/47769P6_ISO_0_ES.jpg?imwidth=392,"6,84 €",No disponible,No disponible,"(1,14 €/LITRO)"
Agua mineral con gas Fonter botella 1 l,https://www.dia.es/agua-refrescos-y-zumos/agua/p/47769,https://www.dia.es/product_images/47769/47769_ISO_0_ES.jpg?imwidth=392,"1,14 €",No disponible,No disponible,"(1,14 €/LITRO)"
Agua mineral natural Lanjarón botella 1.5 l,https://www.dia.es/agua-refrescos-y-zumos/agua/p/47768,https://www.dia.es/product_images/47768/47768_ISO_0_ES.jpg?imwidth=392,"0,67 €",No disponible,No disponible,"(0,45 €/LITRO)"
Agua mineral natural Bezoya botella 1.5 l,https://www.dia.es/agua-refrescos-y-zumos/agua/p/44302,https://www.dia.es/product_images/44302/44302_ISO_0_ES.jpg?imwidth=392,"0,74 €",No disponible,No disponible,"(0,49 €/LITRO)"
Agua mineral natural Aquarel botella 33 cl,https://www.dia.es/agua-refrescos-y-zumos/agua/p/41117,https://www.dia.es/product_images/41117/41117_ISO_0_ES.jpg?imwidth=392,"0,54 €",No disponible,No disponible,"(1,64 €/LITRO)"
Agua mineral natural Aquarel garrafa 5 l,https://www.dia.es/agua-refrescos-y-zumos/agua/p/40570,https://www.dia.es/product_images/40570/40570_ISO_0_ES.jpg?imwidth=392,"1,75 €",No disponible,2ª ud al 50% dto. agua mineral aquarel 5 l,No disponible
Agua mineral natural Aquarel botella 1.5 l,https://www.dia.es/agua-refrescos-y-zumos/agua/p/38301,https://www.dia.es/product_images/38301/38301_ISO_0_ES.jpg?imwidth=392,"0,59 €",No disponible,No disponible,"(0,39 €/LITRO)"
Agua con gas sabor limón Maison perrier botella 50 cl,https://www.dia.es/agua-refrescos-y-zumos/agua/p/303100,https://www.dia.es/product_images/303100/303100_ISO_0_ES.jpg?imwidth=392,"1,05 €",No disponible,No disponible,"(2,10 €/LITRO)"
Agua mineral natural Monte pinos botella 1.5 l,https://www.dia.es/agua-refrescos-y-zumos/agua/p/302664,https://www.dia.es/product_images/302664/302664_ISO_0_ES.jpg?imwidth=392,"0,64 €",No disponible,No disponible,"(0,43 €/LITRO)"
Agua mineral natural Fuente primavera botella 1 l,https://www.dia.es/agua-refrescos-y-zumos/agua/p/297837,https://www.dia.es/product_images/297837/297837_ISO_0_ES.jpg?imwidth=392,"0,49 €",No disponible,No disponible,"(0,49 €/LITRO)"
Agua con gas San Pellegrino botella 50 cl,https://www.dia.es/agua-refrescos-y-zumos/agua/p/292973,https://www.dia.es/product_images/292973/292973_ISO_0_ES.jpg?imwidth=392,"1,09 €",No disponible,No disponible,"(2,18 €/LITRO)"
Agua con gas Font Vella botella 50 cl,https://www.dia.es/agua-refrescos-y-zumos/agua/p/273476,https://www.dia.es/product_images/273476/273476_ISO_0_ES.jpg?imwidth=392,"0,94 €",No disponible,No disponible,"(1,88 €/LITRO)"
Agua mineral natural alcalina ph9 Ursu9 pack 6 x 1.5 l,https://www.dia.es/agua-refrescos-y-zumos/agua/p/263473P6,https://www.dia.es/product_images/263473P6/263473P6_ISO_0_ES.jpg?imwidth=392,"4,74 €",No disponible,No disponible,"(0,53 €/LITRO)"
Agua mineral natural alcalina ph9 Ursu9 botella 1.5 l,https://www.dia.es/agua-refrescos-y-zumos/agua/p/263473,https://www.dia.es/product_images/263473/263473_ISO_0_ES.jpg?imwidth=392,"0,79 €",No disponible,No disponible,"(0,53 €/LITRO)"
Agua mineral natural Aquarel botella 75 cl,https://www.dia.es/agua-refrescos-y-zumos/agua/p/258807,https://www.dia.es/product_images/258807/258807_ISO_0_ES.jpg?imwidth=392,"0,75 €",No disponible,No disponible,"(1,00 €/LITRO)"
Agua mineral con gas Perrier botella 50 cl,https://www.dia.es/agua-refrescos-y-zumos/agua/p/247772,https://www.dia.es/product_images/247772/247772_ISO_0_ES.jpg?imwidth=392,"1,15 €",No disponible,No disponible,"(2,30 €/LITRO)"
Agua mineral natural Font Vella botella 75 cl,https://www.dia.es/agua-refrescos-y-zumos/agua/p/244152,https://www.dia.es/product_images/244152/244152_ISO_0_ES.jpg?imwidth=392,"0,94 €",No disponible,No disponible,"(1,25 €/LITRO)"
Agua mineral natural Font Vella botella 33 cl,https://www.dia.es/agua-refrescos-y-zumos/agua/p/241746,https://www.dia.es/product_images/241746/241746_ISO_0_ES.jpg?imwidth=392,"0,76 €",No disponible,No disponible,"(2,30 €/LITRO)"
Agua con gas Solán de Cabras botella 33 cl,https://www.dia.es/agua-refrescos-y-zumos/agua/p/184169,https://www.dia.es/product_images/184169/184169_ISO_0_ES.jpg?imwidth=392,"1,25 €",No disponible,No disponible,"(3,79 €/LITRO)"
Agua mineral natural Aquabona botella 500 ml,https://www.dia.es/agua-refrescos-y-zumos/agua/p/158425,https://www.dia.es/product_images/158425/158425_ISO_0_ES.jpg?imwidth=392,"0,59 €",No disponible,No disponible,"(1,18 €/LITRO)"
Agua mineral con gas San Pellegrino pack 6 x 1 l,https://www.dia.es/agua-refrescos-y-zumos/agua/p/146199P6,https://www.dia.es/product_images/146199P6/146199P6_ISO_0_ES.jpg?imwidth=392,"8,16 €",No disponible,No disponible,"(1,36 €/LITRO)"
Agua mineral con gas San Pellegrino botella 1 l,https://www.dia.es/agua-refrescos-y-zumos/agua/p/146199,https://www.dia.es/product_images/146199/146199_ISO_0_ES.jpg?imwidth=392,"1,36 €",No disponible,No disponible,"(1,36 €/LITRO)"
Agua mineral natural Font Vella botella 1 l,https://www.dia.es/agua-refrescos-y-zumos/agua/p/114231,https://www.dia.es/product_images/114231/114231_ISO_0_ES.jpg?imwidth=392,"0,79 €",No disponible,No disponible,"(0,79 €/LITRO)"
Refresco de cola sabor original Coca-Cola botella 2 x 2 l,https://www.dia.es/agua-refrescos-y-zumos/cola/p/38406,https://www.dia.es/product_images/38406/38406_ISO_0_ES.jpg?imwidth=392,"3,90 €",Grasas 0g de las cuales saturadas 0g Hidratos de Carbono 10.6g de los cuales azúcares 10.6g Proteínas 0g Sal 0g,No disponible,"(0,98 €/LITRO)"
Refresco de cola zero Hola Cola de Dia lata 12 x 33 cl,https://www.dia.es/agua-refrescos-y-zumos/cola/p/107157P12,https://www.dia.es/product_images/107157P12/107157P12_ISO_0_ES.jpg?imwidth=392,"3,84 €",Grasas 0g de las cuales saturadas 0g Hidratos de Carbono 0g de los cuales azúcares 0g Proteínas 0g Sal 0.02g,4 uds sólo 1 eur Cola zero hola Cola 33 cl,No disponible
Refresco de cola zero Hola Cola de Dia botella 4 x 2 l,https://www.dia.es/agua-refrescos-y-zumos/cola/p/130617P4,https://www.dia.es/product_images/130617P4/130617P4_ISO_0_ES.jpg?imwidth=392,"2,80 €",Grasas 0g de las cuales saturadas 0g Hidratos de Carbono 0g de los cuales azúcares 0.01g Proteínas 0g Sal 0.02g,No disponible,"(0,35 €/LITRO)"
Refresco de cola sabor original Coca-Cola lata 33 cl,https://www.dia.es/agua-refrescos-y-zumos/cola/p/660,https://www.dia.es/product_images/660/660_ISO_0_ES.jpg?imwidth=392,"0,89 €",Grasas 0g de las cuales saturadas 0g Hidratos de Carbono 10.6g de los cuales azúcares 10.6g Proteínas 0g Sal 0g,No disponible,"(2,70 €/LITRO)"
Refresco de cola zero azúcar Coca-Cola botella 2 x 2 l,https://www.dia.es/agua-refrescos-y-zumos/cola/p/82492,https://www.dia.es/product_images/82492/82492_ISO_0_ES.jpg?imwidth=392,"3,90 €",Grasas 0g de las cuales saturadas 0g Hidratos de Carbono 0g de los cuales azúcares 0g Proteínas 0g Sal 0.02g,No disponible,"(0,98 €/LITRO)"
Refresco de cola zero azúcar Coca-Cola lata 33 cl,https://www.dia.es/agua-refrescos-y-zumos/cola/p/28235,https://www.dia.es/product_images/28235/28235_ISO_0_ES.jpg?imwidth=392,"0,89 €",Grasas 0g de las cuales saturadas 0g Hidratos de Carbono 0g de los cuales azúcares 0g Proteínas 0g Sal 0.02g,No disponible,"(2,70 €/LITRO)"
Refresco de cola Hola Cola de Dia botella 4 x 2 l,https://www.dia.es/agua-refrescos-y-zumos/cola/p/10065P4,https://www.dia.es/product_images/10065P4/10065P4_ISO_0_ES.jpg?imwidth=392,"3,20 €",Grasas 0g de las cuales saturadas 0g Hidratos de Carbono 7.2g de los cuales azúcares 7.2g Proteínas 0g Sal 0g,No disponible,"(0,40 €/LITRO)"
Refresco de cola zero azúcar zero cafeína Coca-Cola lata 33 cl,https://www.dia.es/agua-refrescos-y-zumos/cola/p/126847,https://www.dia.es/product_images/126847/126847_ISO_0_ES.jpg?imwidth=392,"0,89 €",Grasas 0g de las cuales saturadas 0g Hidratos de Carbono 0g de los cuales azúcares 0g Proteínas 0g Sal 0.02g,No disponible,"(2,70 €/LITRO)"
Refresco de cola sabor original Coca-Cola lata 12 x 33 cl,https://www.dia.es/agua-refrescos-y-zumos/cola/p/30319,https://www.dia.es/product_images/30319/30319_ISO_0_ES.jpg?imwidth=392,"10,44 €",Grasas 0g de las cuales saturadas 0g Hidratos de Carbono 10.6g de los cuales azúcares 10.6g Proteínas 0g Sal 0g,No disponible,"(2,64 €/LITRO)"
Refresco de cola zero azúcar Coca-Cola lata 12 x 33 cl,https://www.dia.es/agua-refrescos-y-zumos/cola/p/79802,https://www.dia.es/product_images/79802/79802_ISO_0_ES.jpg?imwidth=392,"10,44 €",Grasas 0g de las cuales saturadas 0g Hidratos de Carbono 0g de los cuales azúcares 0g Proteínas 0g Sal 0.02g,No disponible,"(2,64 €/LITRO)"
Refresco de cola Hola Cola de Dia lata 12 x 33 cl,https://www.dia.es/agua-refrescos-y-zumos/cola/p/5392P12,https://www.dia.es/product_images/5392P12/5392P12_ISO_0_ES.jpg?imwidth=392,"4,08 €",Grasas 0g de las cuales saturadas 0g Hidratos de Carbono 7.2g de los cuales azúcares 7.2g Proteínas 0g Sal 0g,No disponible,"(1,03 €/LITRO)"
Refresco de cola Hola Cola de Dia botella 2 l,https://www.dia.es/agua-refrescos-y-zumos/cola/p/10065,https://www.dia.es/product_images/10065/10065_ISO_0_ES.jpg?imwidth=392,"0,80 €",Grasas 0g de las cuales saturadas 0g Hidratos de Carbono 7.2g de los cuales azúcares 7.2g Proteínas 0g Sal 0g,No disponible,"(0,40 €/LITRO)"
Refresco de cola zero sin cafeína Hola Cola de Dia lata 6 x 33 cl,https://www.dia.es/agua-refrescos-y-zumos/cola/p/222479P6,https://www.dia.es/product_images/222479P6/222479P6_ISO_0_ES.jpg?imwidth=392,"1,92 €",Grasas 0g de las cuales saturadas 0g Hidratos de Carbono 0g de los cuales azúcares 0g Proteínas 0g Sal 0.02g,4 uds sólo 1 € Cola zero s.ca hola Cola 33 cl,No disponible
Refresco de cola zero sin cafeína Hola Cola de Dia botella 4 x 2 l,https://www.dia.es/agua-refrescos-y-zumos/cola/p/222480P4,https://www.dia.es/product_images/222480P4/222480P4_ISO_0_ES.jpg?imwidth=392,"2,80 €",Grasas 0g de las cuales saturadas 0g Hidratos de Carbono 0g de los cuales azúcares 0g Proteínas 0g Sal 0.02g,No disponible,"(0,35 €/LITRO)"
Refresco de cola sabor original Coca-Cola botella 2 l,https://www.dia.es/agua-refrescos-y-zumos/cola/p/659,https://www.dia.es/product_images/659/659_ISO_0_ES.jpg?imwidth=392,"1,99 €",Grasas 0g de las cuales saturadas 0g Hidratos de Carbono 10.6g de los cuales azúcares 10.6g Proteínas 0g Sal 0g,No disponible,"(1,00 €/LITRO)"
Refresco de cola zero azúcar zero cafeína Coca-Cola botella 2 x 2 l,https://www.dia.es/agua-refrescos-y-zumos/cola/p/250113,https://www.dia.es/product_images/250113/250113_ISO_0_ES.jpg?imwidth=392,"3,90 €",Grasas 0g de las cuales saturadas 0g Hidratos de Carbono 0g de los cuales azúcares 0g Proteínas 0g Sal 0.02g,No disponible,"(0,98 €/LITRO)"
Refresco de cola zero Hola Cola de Dia lata 33 cl,https://www.dia.es/agua-refrescos-y-zumos/cola/p/107157,https://www.dia.es/product_images/107157/107157_ISO_0_ES.jpg?imwidth=392,"0,32 €",Grasas 0g de las cuales saturadas 0g Hidratos de Carbono 0g de los cuales azúcares 0g Proteínas 0g Sal 0.02g,4 uds sólo 1 eur Cola zero hola Cola 33 cl,No disponible
Refresco de cola zero azúcar Coca-Cola botella 2 l,https://www.dia.es/agua-refrescos-y-zumos/cola/p/28236,https://www.dia.es/product_images/28236/28236_ISO_0_ES.jpg?imwidth=392,"1,99 €",Grasas 0g de las cuales saturadas 0g Hidratos de Carbono 0g de los cuales azúcares 0g Proteínas 0g Sal 0.02g,No disponible,"(1,00 €/LITRO)"
Refresco de cola zero Hola Cola de Dia botella 2 l,https://www.dia.es/agua-refrescos-y-zumos/cola/p/130617,https://www.dia.es/product_images/130617/130617_ISO_0_ES.jpg?imwidth=392,"0,70 €",Grasas 0g de las cuales saturadas 0g Hidratos de Carbono 0g de los cuales azúcares 0.01g Proteínas 0g Sal 0.02g,No disponible,"(0,35 €/LITRO)"
Refresco de cola Hola Cola de Dia lata 33 cl,https://www.dia.es/agua-refrescos-y-zumos/cola/p/5392,https://www.dia.es/product_images/5392/5392_ISO_0_ES.jpg?imwidth=392,"0,34 €",Grasas 0g de las cuales saturadas 0g Hidratos de Carbono 7.2g de los cuales azúcares 7.2g Proteínas 0g Sal 0g,No disponible,"(1,03 €/LITRO)"
Refresco de naranja Fanta lata 9 x 33 cl,https://www.dia.es/agua-refrescos-y-zumos/naranja/p/150102,https://www.dia.es/product_images/150102/150102_ISO_0_ES.jpg?imwidth=392,"6,57 €",Grasas 0g de las cuales saturadas 0g Hidratos de Carbono 4.5g de los cuales azúcares 4.5g Proteínas 0g Sal 0.02g,No disponible,"(2,21 €/LITRO)"
Refresco de naranja Fanta botella 2 x 2 l,https://www.dia.es/agua-refrescos-y-zumos/naranja/p/66536,https://www.dia.es/product_images/66536/66536_ISO_0_ES.jpg?imwidth=392,"3,50 €",Grasas 0g de las cuales saturadas 0g Hidratos de Carbono 4.5g de los cuales azúcares 4.5g Proteínas 0g Sal 0.02g,No disponible,"(0,88 €/LITRO)"
Refresco de naranja Upss Dia botella 1.5 l,https://www.dia.es/agua-refrescos-y-zumos/naranja/p/300605,https://www.dia.es/product_images/300605/300605_ISO_0_ES.jpg?imwidth=392,"0,79 €",Grasas 0g de las cuales saturadas 0g Hidratos de Carbono 4g de los cuales azúcares 4g Proteínas 0g Sal 0.02g,No disponible,"(0,53 €/LITRO)"
Refresco de naranja zero azúcares Fanta botella 2 l,https://www.dia.es/agua-refrescos-y-zumos/naranja/p/103130,https://www.dia.es/product_images/103130/103130_ISO_0_ES.jpg?imwidth=392,"1,79 €",Grasas 0g de las cuales saturadas 0g Hidratos de Carbono 0.6g de los cuales azúcares 0.6g Proteínas 0g Sal 0.02g,No disponible,"(0,90 €/LITRO)"
Refresco de naranja zero azúcares Fanta lata 33 cl,https://www.dia.es/agua-refrescos-y-zumos/naranja/p/13179,https://www.dia.es/product_images/13179/13179_ISO_0_ES.jpg?imwidth=392,"0,75 €",Grasas 0g de las cuales saturadas 0g Hidratos de Carbono 0.6g de los cuales azúcares 0.6g Proteínas 0g Sal 0.02g,No disponible,"(2,27 €/LITRO)"
Refresco de naranja Upss Dia lata 33 cl,https://www.dia.es/agua-refrescos-y-zumos/naranja/p/43867,https://www.dia.es/product_images/43867/43867_ISO_0_ES.jpg?imwidth=392,"0,35 €",Grasas 0g de las cuales saturadas 0g Hidratos de Carbono 4.5g de los cuales azúcares 4.5g Proteínas 0.1g Sal 0.01g,4 uds sólo 1 eur ref naranja 8% upss 33 cl,No disponible
Refresco de naranja 8% zumo con gas zero Upss Dia botella 1.5 l,https://www.dia.es/agua-refrescos-y-zumos/naranja/p/300606,https://www.dia.es/product_images/300606/300606_ISO_0_ES.jpg?imwidth=392,"0,75 €",Grasas 0g de las cuales saturadas 0g Hidratos de Carbono 0.9g de los cuales azúcares 0.9g Proteínas 0g Sal 0.02g,No disponible,"(0,50 €/LITRO)"
Refresco de naranja zero Upss Dia lata 33 cl,https://www.dia.es/agua-refrescos-y-zumos/naranja/p/207361,https://www.dia.es/product_images/207361/207361_ISO_0_ES.jpg?imwidth=392,"0,35 €",Grasas 0g de las cuales saturadas 0g Hidratos de Carbono 0.5g de los cuales azúcares 0.5g Proteínas 0.1g Sal 0.04g,No disponible,"(1,06 €/LITRO)"
Refresco de naranja Fanta lata 33 cl,https://www.dia.es/agua-refrescos-y-zumos/naranja/p/687,https://www.dia.es/product_images/687/687_ISO_0_ES.jpg?imwidth=392,"0,75 €",Grasas 0g de las cuales saturadas 0g Hidratos de Carbono 4.5g de los cuales azúcares 4.5g Proteínas 0g Sal 0.02g,No disponible,"(2,27 €/LITRO)"
Refresco de naranja sin gas Upss Dia botella 1.5 l,https://www.dia.es/agua-refrescos-y-zumos/otras-bebidas/p/35488,https://www.dia.es/product_images/35488/35488_ISO_0_ES.jpg?imwidth=392,"1,05 €",Grasas 0g de las cuales saturadas 0g Hidratos de Carbono 4.7g de los cuales azúcares 4.7g Proteínas 0.1g Sal 0.02g,No disponible,"(0,70 €/LITRO)"
Zumo de naranja Simon Life botella 1.5 l,https://www.dia.es/agua-refrescos-y-zumos/zumos/p/46425,https://www.dia.es/product_images/46425/46425_ISO_0_ES.jpg?imwidth=392,"1,85 €",Grasas 0.1g de las cuales saturadas 0.05g Hidratos de Carbono 7g de los cuales azúcares 7g Proteínas 0g Sal 0.02g,No disponible,"(1,23 €/LITRO)"
Refresco de naranja sin gas Upss Dia lata 33 cl,https://www.dia.es/agua-refrescos-y-zumos/otras-bebidas/p/43868,https://www.dia.es/product_images/43868/43868_ISO_0_ES.jpg?imwidth=392,"0,49 €",Grasas 0g de las cuales saturadas 0g Hidratos de Carbono 4.7g de los cuales azúcares 4.7g Proteínas 0.1g Sal 0.02g,No disponible,"(1,48 €/LITRO)"
Refresco de naranja Fanta botella 2 l,https://www.dia.es/agua-refrescos-y-zumos/naranja/p/685,https://www.dia.es/product_images/685/685_ISO_0_ES.jpg?imwidth=392,"1,79 €",Grasas 0g de las cuales saturadas 0g Hidratos de Carbono 4.5g de los cuales azúcares 4.5g Proteínas 0g Sal 0.02g,No disponible,"(0,90 €/LITRO)"
Refresco en polvo sabor naranja Tang bolsa 30 g,https://www.dia.es/agua-refrescos-y-zumos/otras-bebidas/p/65305,https://www.dia.es/product_images/65305/65305_ISO_0_ES.jpg?imwidth=392,"0,83 €",Grasas 0.1g de las cuales saturadas 0.1g Hidratos de Carbono 2.2g de los cuales azúcares 2.1g Fibra alimentaria 0.1g Proteínas 0.1g Ácido Fólico 15µg Sal 0.08g Riboflavinas 0.11mg,No disponible,"(27,67 €/KILO)"
Refresco de naranja zero azúcares Kas botella 2 l,https://www.dia.es/agua-refrescos-y-zumos/naranja/p/27153,https://www.dia.es/product_images/27153/27153_ISO_0_ES.jpg?imwidth=392,"1,79 €",Grasas 0g de las cuales saturadas 0g Hidratos de Carbono 0.8g de los cuales azúcares 0.6g Proteínas 0g Sal 0g,No disponible,"(0,90 €/LITRO)"
Refresco de naranja zero azúcares Kas lata 33 cl,https://www.dia.es/agua-refrescos-y-zumos/naranja/p/12650,https://www.dia.es/product_images/12650/12650_ISO_0_ES.jpg?imwidth=392,"0,70 €",Grasas 0g de las cuales saturadas 0g Hidratos de Carbono 0.8g de los cuales azúcares 0.6g Proteínas 0g Sal 0g,No disponible,"(2,12 €/LITRO)"
Zumo naranja exprimido sin pulpa Zumosfera de Dia botella 1 l,https://www.dia.es/agua-refrescos-y-zumos/zumos/p/109413,https://www.dia.es/product_images/109413/109413_ISO_0_ES.jpg?imwidth=392,"2,00 €",Grasas 0.1g de las cuales saturadas 0g Hidratos de Carbono 10g de los cuales azúcares 10g Proteínas 0.6g Sal 0.01g,No disponible,"(2,00 €/LITRO)"
Zumo de naranja con pulpa Don Simón botella 1 l,https://www.dia.es/agua-refrescos-y-zumos/zumos/p/21543,https://www.dia.es/product_images/21543/21543_ISO_0_ES.jpg?imwidth=392,"3,25 €",Grasas 0.1g de las cuales saturadas 0g Hidratos de Carbono 10g de los cuales azúcares 10g Fibra alimentaria 0.2g Proteínas 0.6g Sal 0g,No disponible,"(3,25 €/LITRO)"
Refresco naranja zero Schweppes lata 33 cl,https://www.dia.es/agua-refrescos-y-zumos/naranja/p/47587,https://www.dia.es/product_images/47587/47587_ISO_0_ES.jpg?imwidth=392,"0,95 €",Grasas 0g de las cuales saturadas 0g Hidratos de Carbono 0.2g de los cuales azúcares 0.1g Proteínas 0g Sal 0.02g,No disponible,"(2,88 €/LITRO)"
Refresco de naranja Fanta botella 50 cl,https://www.dia.es/agua-refrescos-y-zumos/naranja/p/18956,https://www.dia.es/product_images/18956/18956_ISO_0_ES.jpg?imwidth=392,"1,45 €",Grasas 0g de las cuales saturadas 0g Hidratos de Carbono 4.5g de los cuales azúcares 4.5g Proteínas 0g Sal 0.02g,No disponible,"(2,90 €/LITRO)"
Refresco de limón Fanta botella 2 l,https://www.dia.es/agua-refrescos-y-zumos/limon-lima-limon/p/684,https://www.dia.es/product_images/684/684_ISO_0_ES.jpg?imwidth=392,"1,79 €",Grasas 0g de las cuales saturadas 0g Hidratos de Carbono 4.4g de los cuales azúcares 4.4g Proteínas 0g Sal 0.02g,No disponible,"(0,90 €/LITRO)"
Refresco de limón zero azúcares Fanta botella 2 l,https://www.dia.es/agua-refrescos-y-zumos/limon-lima-limon/p/103131,https://www.dia.es/product_images/103131/103131_ISO_0_ES.jpg?imwidth=392,"1,79 €",Grasas 0g de las cuales saturadas 0g Hidratos de Carbono 0g de los cuales azúcares 0g Proteínas 0g Sal 0.06g,No disponible,"(0,90 €/LITRO)"
Refresco de limón 6% zumo con gas zero Upss Dia botella 1.5 l,https://www.dia.es/agua-refrescos-y-zumos/limon-lima-limon/p/300608,https://www.dia.es/product_images/300608/300608_ISO_0_ES.jpg?imwidth=392,"0,75 €",Grasas 0g de las cuales saturadas 0g Hidratos de Carbono 1.2g de los cuales azúcares 1g Proteínas 0g Sal 0.03g,No disponible,"(0,50 €/LITRO)"
Refresco de limón 6% zumo con gas Upss Dia botella 1.5 l,https://www.dia.es/agua-refrescos-y-zumos/limon-lima-limon/p/300607,https://www.dia.es/product_images/300607/300607_ISO_0_ES.jpg?imwidth=392,"0,79 €",Grasas 0g de las cuales saturadas 0g Hidratos de Carbono 4g de los cuales azúcares 4g Proteínas 0g Sal 0.02g,No disponible,"(0,53 €/LITRO)"
Refresco de lima limón zero Upss Dia botella 1.5 l,https://www.dia.es/agua-refrescos-y-zumos/limon-lima-limon/p/300609,https://www.dia.es/product_images/300609/300609_ISO_0_ES.jpg?imwidth=392,"0,82 €",No disponible,No disponible,"(0,55 €/LITRO)"
Refresco de limón zero Upss Dia lata 33 cl,https://www.dia.es/agua-refrescos-y-zumos/limon-lima-limon/p/300610,https://www.dia.es/product_images/300610/300610_ISO_0_ES.jpg?imwidth=392,"0,35 €",Grasas 0g de las cuales saturadas 0g Hidratos de Carbono 0g de los cuales azúcares 0g Proteínas 0g Sal 0.07g,No disponible,"(1,06 €/LITRO)"
Refresco de limón sin gas Upss Dia botella 1.5 l,https://www.dia.es/agua-refrescos-y-zumos/otras-bebidas/p/35487,https://www.dia.es/product_images/35487/35487_ISO_0_ES.jpg?imwidth=392,"1,05 €",Grasas 0g de las cuales saturadas 0g Hidratos de Carbono 4.8g de los cuales azúcares 4.8g Proteínas 0g Sal 0.03g,No disponible,"(0,70 €/LITRO)"
Refresco de limón Fanta lata 33 cl,https://www.dia.es/agua-refrescos-y-zumos/limon-lima-limon/p/686,https://www.dia.es/product_images/686/686_ISO_0_ES.jpg?imwidth=392,"0,75 €",Grasas 0g de las cuales saturadas 0g Hidratos de Carbono 4.4g de los cuales azúcares 4.4g Proteínas 0g Sal 0.02g,No disponible,"(2,27 €/LITRO)"
Refresco de lima-limón zero azúcares Seven up lata 33 cl,https://www.dia.es/agua-refrescos-y-zumos/limon-lima-limon/p/1172,https://www.dia.es/product_images/1172/1172_ISO_0_ES.jpg?imwidth=392,"0,59 €",Grasas 0g de las cuales saturadas 0g Hidratos de Carbono 0g de los cuales azúcares 0g Proteínas 0g Sal 0.04g,No disponible,"(1,79 €/LITRO)"
Refresco de lima-limón Sprite lata 33 cl,https://www.dia.es/agua-refrescos-y-zumos/limon-lima-limon/p/178275,https://www.dia.es/product_images/178275/178275_ISO_0_ES.jpg?imwidth=392,"0,59 €",Grasas 0g de las cuales saturadas 0g Hidratos de Carbono 4.4g de los cuales azúcares 4.4g Proteínas 0g Sal 0.04g,2 ud a 1 euro sprite fresh 33 cl,No disponible
Refresco de lima-limón Sprite botella 2 l,https://www.dia.es/agua-refrescos-y-zumos/limon-lima-limon/p/112325,https://www.dia.es/product_images/112325/112325_ISO_0_ES.jpg?imwidth=392,"1,59 €",Grasas 0g de las cuales saturadas 0g Hidratos de Carbono 0g de los cuales azúcares 0g Proteínas 0g Sal 0g,No disponible,"(0,80 €/LITRO)"
Refresco de limón zero azúcares Fanta lata 33 cl,https://www.dia.es/agua-refrescos-y-zumos/limon-lima-limon/p/13185,https://www.dia.es/product_images/13185/13185_ISO_0_ES.jpg?imwidth=392,"0,75 €",Grasas 0g de las cuales saturadas 0g Hidratos de Carbono 0g de los cuales azúcares 0g Proteínas 0g Sal 0.06g,No disponible,"(2,27 €/LITRO)"
Refresco de limón Schweppes lata 33 cl,https://www.dia.es/agua-refrescos-y-zumos/limon-lima-limon/p/22093,https://www.dia.es/product_images/22093/22093_ISO_0_ES.jpg?imwidth=392,"0,95 €",Grasas 0g de las cuales saturadas 0g Hidratos de Carbono 6.2g de los cuales azúcares 6g Proteínas 0g Sal 0.03g,No disponible,"(2,88 €/LITRO)"
Refresco en polvo sabor limón Tang bolsa 30 g,https://www.dia.es/agua-refrescos-y-zumos/otras-bebidas/p/10585,https://www.dia.es/product_images/10585/10585_ISO_0_ES.jpg?imwidth=392,"0,83 €",Grasas 0.1g de las cuales saturadas 0.1g Hidratos de Carbono 2g de los cuales azúcares 2g Fibra alimentaria 0.1g Proteínas 0.1g Ácido Fólico 15µg Sal 0.01g Riboflavinas 0.11mg,No disponible,"(27,67 €/KILO)"
Refresco de limón zero Schweppes lata 33 cl,https://www.dia.es/agua-refrescos-y-zumos/otras-bebidas/p/284287,https://www.dia.es/product_images/284287/284287_ISO_0_ES.jpg?imwidth=392,"0,95 €",Grasas 0g de las cuales saturadas 0g Hidratos de Carbono 0g de los cuales azúcares 0g Proteínas 0g Sal 0.05g,No disponible,"(2,88 €/LITRO)"
Refresco de té al limón Upss Dia botella 1.5 l,https://www.dia.es/agua-refrescos-y-zumos/tes-frios-cafes-frios/p/50571,https://www.dia.es/product_images/50571/50571_ISO_0_ES.jpg?imwidth=392,"0,95 €",Grasas 0g de las cuales saturadas 0g Hidratos de Carbono 4.7g de los cuales azúcares 4.7g Proteínas 0g Sal 0.05g,No disponible,"(0,63 €/LITRO)"
Refresco de té al limón zero Upss Dia botella 1.5 l,https://www.dia.es/agua-refrescos-y-zumos/tes-frios-cafes-frios/p/50572,https://www.dia.es/product_images/50572/50572_ISO_0_ES.jpg?imwidth=392,"0,95 €",Grasas 0g de las cuales saturadas 0g Hidratos de Carbono 0g de los cuales azúcares 0g Proteínas 0g Sal 0.06g,No disponible,"(0,63 €/LITRO)"
Refresco de té al melocotón zero Upss Dia Dia botella 1.5 l,https://www.dia.es/agua-refrescos-y-zumos/tes-frios-cafes-frios/p/50570,https://www.dia.es/product_images/50570/50570_ISO_0_ES.jpg?imwidth=392,"0,95 €",Grasas 0g de las cuales saturadas 0g Hidratos de Carbono 0.1g de los cuales azúcares 0.1g Proteínas 0g Sal 0.03g,No disponible,"(0,63 €/LITRO)"
Refresco de té al limón Upss Dia lata 33 cl,https://www.dia.es/agua-refrescos-y-zumos/tes-frios-cafes-frios/p/68685,https://www.dia.es/product_images/68685/68685_ISO_0_ES.jpg?imwidth=392,"0,50 €",Grasas 0g de las cuales saturadas 0g Hidratos de Carbono 4.8g de los cuales azúcares 4.8g Proteínas 0g Sal 0.03g,3 uds por solo 1 € té al limón upss 33 cl,No disponible
Refresco de té al limón Nestea botella 1.5 l,https://www.dia.es/agua-refrescos-y-zumos/tes-frios-cafes-frios/p/68066,https://www.dia.es/product_images/68066/68066_ISO_0_ES.jpg?imwidth=392,"1,99 €",Grasas 0g de las cuales saturadas 0g Hidratos de Carbono 4.5g de los cuales azúcares 4.5g Proteínas 0g Sal 0.03g,No disponible,"(1,33 €/LITRO)"
Refresco de té sabor hierbabuena y limón zero Tetería de Dia botella 1.5 l,https://www.dia.es/agua-refrescos-y-zumos/tes-frios-cafes-frios/p/294204,https://www.dia.es/product_images/294204/294204_ISO_0_ES.jpg?imwidth=392,"0,95 €",Grasas 0g de las cuales saturadas 0g Hidratos de Carbono 0.3g de los cuales azúcares 0.1g Proteínas 0g Sal 0.03g,No disponible,"(0,63 €/LITRO)"
Refresco de té de melocotón e hibisco Fuze tea botella 1.5 l,https://www.dia.es/agua-refrescos-y-zumos/tes-frios-cafes-frios/p/295618,https://www.dia.es/product_images/295618/295618_ISO_0_ES.jpg?imwidth=392,"1,60 €",Grasas 0g de las cuales saturadas 0g Hidratos de Carbono 4.3g de los cuales azúcares 4.3g Proteínas 0g Sal 0.03g,No disponible,"(1,07 €/LITRO)"
Café cappuccino Cafetería de Dia botella 230 ml,https://www.dia.es/agua-refrescos-y-zumos/tes-frios-cafes-frios/p/263960,https://www.dia.es/product_images/263960/263960_ISO_0_ES.jpg?imwidth=392,"0,95 €",Grasas 1.4g de las cuales saturadas 0.9g Hidratos de Carbono 9.6g de los cuales azúcares 9.2g Proteínas 3.1g Sal 0.12g,No disponible,"(4,13 €/LITRO)"
Refresco de té verde Upss Dia lata 33 cl,https://www.dia.es/agua-refrescos-y-zumos/tes-frios-cafes-frios/p/207369,https://www.dia.es/product_images/207369/207369_ISO_0_ES.jpg?imwidth=392,"0,50 €",Grasas 0g de las cuales saturadas 0g Hidratos de Carbono 3.8g de los cuales azúcares 3.8g Proteínas 0g Sal 0.03g,No disponible,"(1,52 €/LITRO)"
Refresco de té al limón sin azúcar Nestea botella 1.5 l,https://www.dia.es/agua-refrescos-y-zumos/tes-frios-cafes-frios/p/122117,https://www.dia.es/product_images/122117/122117_ISO_0_ES.jpg?imwidth=392,"1,99 €",Grasas 0g de las cuales saturadas 0g Hidratos de Carbono 0g de los cuales azúcares 0g Proteínas 0g Sal 0.05g,No disponible,"(1,33 €/LITRO)"
Refresco de té al limón sin azúcar Nestea lata 33 cl,https://www.dia.es/agua-refrescos-y-zumos/tes-frios-cafes-frios/p/12946,https://www.dia.es/product_images/12946/12946_ISO_0_ES.jpg?imwidth=392,"0,99 €",Grasas 0g de las cuales saturadas 0g Hidratos de Carbono 0g de los cuales azúcares 0g Proteínas 0g Sal 0.05g,No disponible,"(3,00 €/LITRO)"
Refresco de té rooibos sabor fresa bajo en calorías Tetería de Dia botella 1.5 l,https://www.dia.es/agua-refrescos-y-zumos/tes-frios-cafes-frios/p/294205,https://www.dia.es/product_images/294205/294205_ISO_0_ES.jpg?imwidth=392,"0,99 €",Grasas 0g de las cuales saturadas 0g Hidratos de Carbono 4.5g de los cuales azúcares 4.5g Proteínas 0g Sal 0g,No disponible,"(0,66 €/LITRO)"
Café espresso Cafetería de Dia botella 230 ml,https://www.dia.es/agua-refrescos-y-zumos/tes-frios-cafes-frios/p/263961,https://www.dia.es/product_images/263961/263961_ISO_0_ES.jpg?imwidth=392,"0,95 €",Grasas 1.4g de las cuales saturadas 0.9g Hidratos de Carbono 9.6g de los cuales azúcares 9.2g Proteínas 3.1g Sal 0.13g,No disponible,"(4,13 €/LITRO)"
Café light Kaiku vaso 230 ml,https://www.dia.es/agua-refrescos-y-zumos/tes-frios-cafes-frios/p/188395,https://www.dia.es/product_images/188395/188395_ISO_0_ES.jpg?imwidth=392,"1,76 €",Grasas 0.6g de las cuales saturadas 0.4g Hidratos de Carbono 4.3g de los cuales azúcares 4g Proteínas 2.9g Sal 0.08g Calcio 105mg,No disponible,"(7,65 €/LITRO)"
Refresco de té al limón Nestea lata 33 cl,https://www.dia.es/agua-refrescos-y-zumos/tes-frios-cafes-frios/p/5067,https://www.dia.es/product_images/5067/5067_ISO_0_ES.jpg?imwidth=392,"0,99 €",Grasas 0g de las cuales saturadas 0g Hidratos de Carbono 4.5g de los cuales azúcares 4.5g Proteínas 0g Sal 0.03g,No disponible,"(3,00 €/LITRO)"
Refresco de té de melocotón zero San Benedetto botella 50 cl,https://www.dia.es/agua-refrescos-y-zumos/tes-frios-cafes-frios/p/295035,https://www.dia.es/product_images/295035/295035_ISO_0_ES.jpg?imwidth=392,"0,75 €",No disponible,No disponible,"(1,50 €/LITRO)"
Refresco de té al limón zero Upss Dia botella 50 cl,https://www.dia.es/agua-refrescos-y-zumos/tes-frios-cafes-frios/p/301641,https://www.dia.es/product_images/301641/301641_ISO_0_ES.jpg?imwidth=392,"0,60 €",Grasas 0g de las cuales saturadas 0g Hidratos de Carbono 0.1g de los cuales azúcares 0g Proteínas 0g Sal 0.04g,No disponible,"(1,20 €/LITRO)"
Café latte macchiato Cafetería de Dia botella 230 ml,https://www.dia.es/agua-refrescos-y-zumos/tes-frios-cafes-frios/p/263962,https://www.dia.es/product_images/263962/263962_ISO_0_ES.jpg?imwidth=392,"0,95 €",Grasas 1.4g de las cuales saturadas 0.9g Hidratos de Carbono 9.2g de los cuales azúcares 9g Proteínas 3.1g Sal 0.11g,No disponible,"(4,13 €/LITRO)"
Refresco de té verde con aloe vera San Benedetto botella 1.5 l,https://www.dia.es/agua-refrescos-y-zumos/tes-frios-cafes-frios/p/226048,https://www.dia.es/product_images/226048/226048_ISO_0_ES.jpg?imwidth=392,"1,15 €",No disponible,No disponible,"(0,77 €/LITRO)"
Refresco de té verde con aloe vera zero San Benedetto botella 50 cl,https://www.dia.es/agua-refrescos-y-zumos/tes-frios-cafes-frios/p/295036,https://www.dia.es/product_images/295036/295036_ISO_0_ES.jpg?imwidth=392,"0,75 €",No disponible,No disponible,"(1,50 €/LITRO)"
Tónica Toni Tónico de Dia lata 25 cl,https://www.dia.es/agua-refrescos-y-zumos/tonicas/p/301837,https://www.dia.es/product_images/301837/301837_ISO_0_ES.jpg?imwidth=392,"0,35 €",Grasas 0g de las cuales saturadas 0g Hidratos de Carbono 4.7g de los cuales azúcares 4.7g Proteínas 0g Sal 0g,No disponible,"(1,40 €/LITRO)"
Tónica zero Schweppes lata 33 cl,https://www.dia.es/agua-refrescos-y-zumos/tonicas/p/56781,https://www.dia.es/product_images/56781/56781_ISO_0_ES.jpg?imwidth=392,"0,95 €",Grasas 0g de las cuales saturadas 0g Hidratos de Carbono 0g de los cuales azúcares 0g Proteínas 0g Sal 0.05g,No disponible,"(2,88 €/LITRO)"
Tónica Toni Tónico de Dia botella 1.5 l,https://www.dia.es/agua-refrescos-y-zumos/tonicas/p/127635,https://www.dia.es/product_images/127635/127635_ISO_0_ES.jpg?imwidth=392,"0,95 €",Grasas 0g de las cuales saturadas 0g Hidratos de Carbono 4.7g de los cuales azúcares 4.7g Proteínas 0g Sal 0.01g,No disponible,"(0,63 €/LITRO)"
Tónica Schweppes botella 1 l,https://www.dia.es/agua-refrescos-y-zumos/tonicas/p/72661,https://www.dia.es/product_images/72661/72661_ISO_0_ES.jpg?imwidth=392,"1,90 €",Grasas 0g de las cuales saturadas 0g Hidratos de Carbono 2.4g de los cuales azúcares 2.4g Proteínas 0g Sal 0.02g,No disponible,"(1,90 €/LITRO)"
Tónica zero Toni Tónico de Dia lata 25 cl,https://www.dia.es/agua-refrescos-y-zumos/tonicas/p/301838,https://www.dia.es/product_images/301838/301838_ISO_0_ES.jpg?imwidth=392,"0,35 €",Grasas 0g de las cuales saturadas 0g Hidratos de Carbono 0g de los cuales azúcares 0g Proteínas 0g Sal 0.01g,No disponible,"(1,40 €/LITRO)"
Tónica premium bohemian aromatic berry sensation Royal Bliss lata 25 cl,https://www.dia.es/agua-refrescos-y-zumos/tonicas/p/293947,https://www.dia.es/product_images/293947/293947_ISO_0_ES.jpg?imwidth=392,"0,75 €",Grasas 0g de las cuales saturadas 0g Hidratos de Carbono 7.8g de los cuales azúcares 7.8g Proteínas 0g Sal 0g,No disponible,"(3,00 €/LITRO)"
Tónica citrus Toni Tónico de Dia botella 20 cl,https://www.dia.es/agua-refrescos-y-zumos/tonicas/p/302937,https://www.dia.es/product_images/302937/302937_ISO_0_ES.jpg?imwidth=392,"0,79 €",Grasas 0g de las cuales saturadas 0g Hidratos de Carbono 4.2g de los cuales azúcares 4.2g Proteínas 0g Sal 0.01g,No disponible,"(3,95 €/LITRO)"
Tónica Nordic Mist lata 25 cl,https://www.dia.es/agua-refrescos-y-zumos/tonicas/p/183142,https://www.dia.es/product_images/183142/183142_ISO_0_ES.jpg?imwidth=392,"0,65 €",Grasas 0g de las cuales saturadas 0g Hidratos de Carbono 7.8g de los cuales azúcares 7.8g Proteínas 0g Sal 0g,No disponible,"(2,60 €/LITRO)"
Tónica premium yuzu signature tonic water Royal Bliss lata 25 cl,https://www.dia.es/agua-refrescos-y-zumos/tonicas/p/295082,https://www.dia.es/product_images/295082/295082_ISO_0_ES.jpg?imwidth=392,"0,75 €",Grasas 0g de las cuales saturadas 0g Hidratos de Carbono 7.3g de los cuales azúcares 7.3g Proteínas 0g Sal 0g,No disponible,"(3,00 €/LITRO)"
Tónica rosa zero Schweppes lata 33 cl,https://www.dia.es/agua-refrescos-y-zumos/tonicas/p/302899,https://www.dia.es/product_images/302899/302899_ISO_0_ES.jpg?imwidth=392,"0,95 €",Grasas 0g de las cuales saturadas 0g Hidratos de Carbono 0.2g de los cuales azúcares 0.1g Proteínas 0g Sal 0.01g,No disponible,"(2,88 €/LITRO)"
Tónica zero Schweppes botella 1 l,https://www.dia.es/agua-refrescos-y-zumos/tonicas/p/115688,https://www.dia.es/product_images/115688/115688_ISO_0_ES.jpg?imwidth=392,"1,90 €",Grasas 0g de las cuales saturadas 0g Hidratos de Carbono 0g de los cuales azúcares 0g Proteínas 0g Sal 0.05g,No disponible,"(1,90 €/LITRO)"
Tónica Schweppes lata 33 cl,https://www.dia.es/agua-refrescos-y-zumos/tonicas/p/47500,https://www.dia.es/product_images/47500/47500_ISO_0_ES.jpg?imwidth=392,"0,95 €",Grasas 0g de las cuales saturadas 0g Hidratos de Carbono 2.4g de los cuales azúcares 2.4g Proteínas 0g Sal 0.02g,No disponible,"(2,88 €/LITRO)"
Tónica berries Toni Tónico de Dia botella 20 cl,https://www.dia.es/agua-refrescos-y-zumos/tonicas/p/302938,https://www.dia.es/product_images/302938/302938_ISO_0_ES.jpg?imwidth=392,"0,79 €",Grasas 0g de las cuales saturadas 0g Hidratos de Carbono 4.2g de los cuales azúcares 4.2g Proteínas 0g Sal 0.01g,No disponible,"(3,95 €/LITRO)"
Tónica con toque de lima Schweppes botella 20 cl,https://www.dia.es/agua-refrescos-y-zumos/tonicas/p/247154,https://www.dia.es/product_images/247154/247154_ISO_0_ES.jpg?imwidth=392,"1,75 €",Grasas 0g de las cuales saturadas 0g Hidratos de Carbono 8.8g de los cuales azúcares 8.8g Proteínas 0g Sal 0.03g,No disponible,"(8,75 €/LITRO)"
Refresco tónica Organics lata 1 l,https://www.dia.es/agua-refrescos-y-zumos/tonicas/p/280311,https://www.dia.es/product_images/280311/280311_ISO_0_ES.jpg?imwidth=392,"5,99 €",Grasas 0g de las cuales saturadas 0g Hidratos de Carbono 8.9g de los cuales azúcares 8.9g Proteínas 0g Sal 0g Niacina 0µg Ácido pantoténico 0mg,No disponible,"(5,99 €/LITRO)"
Gaseosa cero Gaseosa Dia botella 50 cl,https://www.dia.es/agua-refrescos-y-zumos/gaseosa/p/43891,https://www.dia.es/product_images/43891/43891_ISO_0_ES.jpg?imwidth=392,"0,32 €",Grasas 0g de las cuales saturadas 0g Hidratos de Carbono 0g de los cuales azúcares 0g Proteínas 0g Sal 0.01g,4 uds sólo 1 eur gaseosa Dia 50 cl,No disponible
Gaseosa cero Gaseosa Dia botella 1.5 l,https://www.dia.es/agua-refrescos-y-zumos/gaseosa/p/194,https://www.dia.es/product_images/194/194_ISO_0_ES.jpg?imwidth=392,"0,50 €",Grasas 0g de las cuales saturadas 0g Hidratos de Carbono 0g de los cuales azúcares 0g Proteínas 0g Sal 0g,No disponible,"(0,33 €/LITRO)"
Gaseosa La Casera botella 1.5 l,https://www.dia.es/agua-refrescos-y-zumos/gaseosa/p/1792,https://www.dia.es/product_images/1792/1792_ISO_0_ES.jpg?imwidth=392,"1,20 €",Grasas 0g de las cuales saturadas 0g Hidratos de Carbono 0g de los cuales azúcares 0g Proteínas 0g Sal 0.1g,No disponible,"(0,80 €/LITRO)"
Gaseosa La Casera botella 50 cl,https://www.dia.es/agua-refrescos-y-zumos/gaseosa/p/56334,https://www.dia.es/product_images/56334/56334_ISO_0_ES.jpg?imwidth=392,"0,85 €",Grasas 0g de las cuales saturadas 0g Hidratos de Carbono 0g de los cuales azúcares 0g Proteínas 0g Sal 0.1g,No disponible,"(1,70 €/LITRO)"
Gaseosa Geiser botella 1.5 l,https://www.dia.es/agua-refrescos-y-zumos/gaseosa/p/60099,https://www.dia.es/product_images/60099/60099_ISO_0_ES.jpg?imwidth=392,"1,75 €",Grasas 0g de las cuales saturadas 0g Hidratos de Carbono 0g de los cuales azúcares 0g Fibra alimentaria 0g Proteínas 0g Sal 0.08g,No disponible,"(1,17 €/LITRO)"
Gaseosa en polvo edulcorado El tigre sobre 39 g,https://www.dia.es/agua-refrescos-y-zumos/gaseosa/p/52667,https://www.dia.es/product_images/52667/52667_ISO_0_ES.jpg?imwidth=392,"0,85 €",Grasas 0g de las cuales saturadas 0g Hidratos de Carbono 0g de los cuales azúcares 0g Proteínas 0g Sal 43g,No disponible,"(21,79 €/KILO)"
Bebida energética zero El diablo de Dia lata 250 ml,https://www.dia.es/agua-refrescos-y-zumos/bebidas-energeticas/p/86976,https://www.dia.es/product_images/86976/86976_ISO_0_ES.jpg?imwidth=392,"0,40 €",Grasas 0g de las cuales saturadas 0g Hidratos de Carbono 0g de los cuales azúcares 0g Proteínas 0g Sal 0.18g Niacina 8mg Ácido pantoténico 2mg,No disponible,"(1,60 €/LITRO)"
Bebida energética El diablo de Dia lata 250 ml,https://www.dia.es/agua-refrescos-y-zumos/bebidas-energeticas/p/64449,https://www.dia.es/product_images/64449/64449_ISO_0_ES.jpg?imwidth=392,"0,40 €",Grasas 0g de las cuales saturadas 0g Hidratos de Carbono 4.9g de los cuales azúcares 4.9g Proteínas 0g Sal 0.08g Niacina 8mg Ácido pantoténico 2mg Riboflavinas 0.52mg,No disponible,"(1,60 €/LITRO)"
Bebida energética Red bull lata 250 ml,https://www.dia.es/agua-refrescos-y-zumos/bebidas-energeticas/p/16056,https://www.dia.es/product_images/16056/16056_ISO_0_ES.jpg?imwidth=392,"1,59 €",Grasas 0g de las cuales saturadas 0g Hidratos de Carbono 11g de los cuales azúcares 11g Proteínas 0g Sal 0.1g Niacina 8µg Ácido pantoténico 2mg,3x2 selección red bull,No disponible
Bebida energética green zero Monster Energy lata 500 ml,https://www.dia.es/agua-refrescos-y-zumos/bebidas-energeticas/p/301574,https://www.dia.es/product_images/301574/301574_ISO_0_ES.jpg?imwidth=392,"1,79 €",Grasas 0g de las cuales saturadas 0g Hidratos de Carbono 1g de los cuales azúcares 0g Proteínas 0g Sal 0.21g Niacina 8.5µg,No disponible,"(3,58 €/LITRO)"
Bebida energética original Burn lata 500 ml,https://www.dia.es/agua-refrescos-y-zumos/bebidas-energeticas/p/144030,https://www.dia.es/product_images/144030/144030_ISO_0_ES.jpg?imwidth=392,"1,00 €",Grasas 0g de las cuales saturadas 0g Hidratos de Carbono 16g de los cuales azúcares 15g Proteínas 0g Sal 0.05g Niacina 6.4µg Ácido pantoténico 1.7mg,No disponible,"(2,00 €/LITRO)"
Bebida energética mango loco Monster Energy lata 500 ml,https://www.dia.es/agua-refrescos-y-zumos/bebidas-energeticas/p/261395,https://www.dia.es/product_images/261395/261395_ISO_0_ES.jpg?imwidth=392,"1,79 €",Grasas 0g de las cuales saturadas 0g Hidratos de Carbono 12g de los cuales azúcares 11g Proteínas 0g Sal 0.05g Niacina 8.5µg Riboflavinas 0.7mg,No disponible,"(3,58 €/LITRO)"
Bebida energética sabor piña y coco El diablo de Dia lata 50 cl,https://www.dia.es/agua-refrescos-y-zumos/bebidas-energeticas/p/293435,https://www.dia.es/product_images/293435/293435_ISO_0_ES.jpg?imwidth=392,"0,99 €",Grasas 0g de las cuales saturadas 0g Hidratos de Carbono 4.9g de los cuales azúcares 4.9g Proteínas 0g Sal 0.14g,No disponible,"(1,98 €/LITRO)"
Bebida energética sabor mango El diablo de Dia lata 500 ml,https://www.dia.es/agua-refrescos-y-zumos/bebidas-energeticas/p/293434,https://www.dia.es/product_images/293434/293434_ISO_0_ES.jpg?imwidth=392,"0,99 €",Grasas 0g de las cuales saturadas 0g Hidratos de Carbono 4.9g de los cuales azúcares 4.9g Proteínas 0g Sal 0.18g,No disponible,"(1,98 €/LITRO)"
Bebida energética de guaraná El diablo de Dia lata 500 ml,https://www.dia.es/agua-refrescos-y-zumos/bebidas-energeticas/p/207358,https://www.dia.es/product_images/207358/207358_ISO_0_ES.jpg?imwidth=392,"0,95 €",Grasas 0.4g de las cuales saturadas 0.1g Hidratos de Carbono 12g de los cuales azúcares 12g Proteínas 0.5g Sal 0.19g,No disponible,"(1,90 €/LITRO)"
Bebida energética de mojito El diablo de Dia lata 250 ml,https://www.dia.es/agua-refrescos-y-zumos/bebidas-energeticas/p/270138,https://www.dia.es/product_images/270138/270138_ISO_0_ES.jpg?imwidth=392,"0,59 €",Grasas 0g de las cuales saturadas 0g Hidratos de Carbono 4.4g de los cuales azúcares 4.4g Proteínas 0g Sal 0.14g,No disponible,"(2,36 €/LITRO)"
Bebida energética zero azúcar Lewis Hamilton Monster Energy lata 500 ml,https://www.dia.es/agua-refrescos-y-zumos/bebidas-energeticas/p/293743,https://www.dia.es/product_images/293743/293743_ISO_0_ES.jpg?imwidth=392,"1,79 €",Grasas 0g de las cuales saturadas 0g Hidratos de Carbono 0.8g de los cuales azúcares 0g Proteínas 0g Sal 0.16g Niacina 8.5µg,No disponible,"(3,58 €/LITRO)"
Bebida energética ultra white Monster Energy lata 500 ml,https://www.dia.es/agua-refrescos-y-zumos/bebidas-energeticas/p/230828,https://www.dia.es/product_images/230828/230828_ISO_0_ES.jpg?imwidth=392,"1,79 €",Grasas 0g de las cuales saturadas 0g Hidratos de Carbono 0.9g de los cuales azúcares 0g Proteínas 0g Sal 0.2g Niacina 8.5µg,No disponible,"(3,58 €/LITRO)"
Bebida energética sin azúcar Red bull lata 250 ml,https://www.dia.es/agua-refrescos-y-zumos/bebidas-energeticas/p/54604,https://www.dia.es/product_images/54604/54604_ISO_0_ES.jpg?imwidth=392,"1,59 €",Grasas 0g de las cuales saturadas 0g Hidratos de Carbono 0g de los cuales azúcares 0g Proteínas 0g Sal 0.1g Niacina 8µg Ácido pantoténico 2mg,3x2 selección red bull,No disponible
Bebida energética ultra watermelon Monster Energy lata 500 ml,https://www.dia.es/agua-refrescos-y-zumos/bebidas-energeticas/p/287462,https://www.dia.es/product_images/287462/287462_ISO_0_ES.jpg?imwidth=392,"1,79 €",Grasas 0g de las cuales saturadas 0g Hidratos de Carbono 1.3g de los cuales azúcares 0g Proteínas 0g Sal 0.1g Niacina 8.5µg,No disponible,"(3,58 €/LITRO)"
Bebida energética ultra rosá Monster Energy lata 500 ml,https://www.dia.es/agua-refrescos-y-zumos/bebidas-energeticas/p/304781,https://www.dia.es/product_images/304781/304781_ISO_0_ES.jpg?imwidth=392,"1,89 €",No disponible,No disponible,"(3,78 €/LITRO)"
Bebida energética absolutely zero Monster Energy lata 500 ml,https://www.dia.es/agua-refrescos-y-zumos/bebidas-energeticas/p/141191,https://www.dia.es/product_images/141191/141191_ISO_0_ES.jpg?imwidth=392,"1,79 €",Grasas 0g de las cuales saturadas 0g Hidratos de Carbono 1g de los cuales azúcares 0g Proteínas 0g Sal 0.21g Niacina 8.5µg,No disponible,"(3,58 €/LITRO)"
Bebida energética Red bull lata 4 x 250 ml,https://www.dia.es/agua-refrescos-y-zumos/bebidas-energeticas/p/53079,https://www.dia.es/product_images/53079/53079_ISO_0_ES.jpg?imwidth=392,"5,39 €",Grasas 0g de las cuales saturadas 0g Hidratos de Carbono 11g de los cuales azúcares 11g Proteínas 0g Sal 0.1g Niacina 8µg Ácido pantoténico 2mg,No disponible,"(5,39 €/LITRO)"
Bebida energética green Monster Energy lata 500 ml,https://www.dia.es/agua-refrescos-y-zumos/bebidas-energeticas/p/141190,https://www.dia.es/product_images/141190/141190_ISO_0_ES.jpg?imwidth=392,"1,79 €",Grasas 0g de las cuales saturadas 0g Hidratos de Carbono 12g de los cuales azúcares 11g Proteínas 0g Sal 0.19g Niacina 8.5µg,No disponible,"(3,58 €/LITRO)"
Bebida energética ultra fiesta mango Monster Energy lata 500 ml,https://www.dia.es/agua-refrescos-y-zumos/bebidas-energeticas/p/274678,https://www.dia.es/product_images/274678/274678_ISO_0_ES.jpg?imwidth=392,"1,79 €",Grasas 0g de las cuales saturadas 0g Hidratos de Carbono 1.3g de los cuales azúcares 0g Proteínas 0g Sal 0.2g Niacina 8.5µg,No disponible,"(3,58 €/LITRO)"
Bebida energética sabor coco y arándanos Red bull lata 250 ml,https://www.dia.es/agua-refrescos-y-zumos/bebidas-energeticas/p/258642,https://www.dia.es/product_images/258642/258642_ISO_0_ES.jpg?imwidth=392,"1,59 €",Grasas 0g de las cuales saturadas 0g Hidratos de Carbono 11g de los cuales azúcares 11g Proteínas 0g Sal 0.1g Niacina 8µg Ácido pantoténico 2mg,3x2 selección red bull,No disponible
Bebida energética Red bull lata 355 ml,https://www.dia.es/agua-refrescos-y-zumos/bebidas-energeticas/p/87367,https://www.dia.es/product_images/87367/87367_ISO_0_ES.jpg?imwidth=392,"1,99 €",Grasas 0g de las cuales saturadas 0g Hidratos de Carbono 11g de los cuales azúcares 11g Proteínas 0g Sal 0.1g Niacina 8µg Ácido pantoténico 2mg,No disponible,"(5,61 €/LITRO)"
Bebida energética sabor albaricoque sin azúcar Red bull lata 250 ml,https://www.dia.es/agua-refrescos-y-zumos/bebidas-energeticas/p/302539,https://www.dia.es/product_images/302539/302539_ISO_0_ES.jpg?imwidth=392,"1,59 €",Grasas 0g de las cuales saturadas 0g Hidratos de Carbono 0g de los cuales azúcares 0g Proteínas 0g Sal 0.1g Niacina 8µg Ácido pantoténico 2mg,No disponible,"(6,36 €/LITRO)"
Bebida energética sabor killer mandarin Rockstar lata 500 ml,https://www.dia.es/agua-refrescos-y-zumos/bebidas-energeticas/p/296120,https://www.dia.es/product_images/296120/296120_ISO_0_ES.jpg?imwidth=392,"1,50 €",Grasas 0g de las cuales saturadas 0g Hidratos de Carbono 0.7g de los cuales azúcares 0g Proteínas 0.4g Sal 0.17g Niacina 3.2µg,No disponible,"(3,00 €/LITRO)"
Bebida energética fruit & power San Benedetto botella 400 ml,https://www.dia.es/agua-refrescos-y-zumos/bebidas-energeticas/p/295535,https://www.dia.es/product_images/295535/295535_ISO_0_ES.jpg?imwidth=392,"1,19 €",No disponible,No disponible,"(2,98 €/LITRO)"
Bebida energética sin azúcar Red bull lata 355 ml,https://www.dia.es/agua-refrescos-y-zumos/bebidas-energeticas/p/289695,https://www.dia.es/product_images/289695/289695_ISO_0_ES.jpg?imwidth=392,"1,99 €",Grasas 0g de las cuales saturadas 0g Hidratos de Carbono 0g de los cuales azúcares 0g Proteínas 0g Sal 0.1g Niacina 8µg Ácido pantoténico 2mg,No disponible,"(5,61 €/LITRO)"
Bebida energética sabor albaricoque Red bull lata 250 ml,https://www.dia.es/agua-refrescos-y-zumos/bebidas-energeticas/p/285829,https://www.dia.es/product_images/285829/285829_ISO_0_ES.jpg?imwidth=392,"1,59 €",Grasas 0g de las cuales saturadas 0g Hidratos de Carbono 11g de los cuales azúcares 11g Proteínas 0g Sal 0.1g Niacina 8µg Ácido pantoténico 2mg,3x2 selección red bull,No disponible
Bebida energética fruta del dragón Red bull lata 250 ml,https://www.dia.es/agua-refrescos-y-zumos/bebidas-energeticas/p/277373,https://www.dia.es/product_images/277373/277373_ISO_0_ES.jpg?imwidth=392,"1,59 €",Grasas 0g de las cuales saturadas 0g Hidratos de Carbono 11g de los cuales azúcares 11g Proteínas 0g Sal 0.1g Niacina 8µg Ácido pantoténico 2mg,3x2 selección red bull,No disponible
Bebida energética monarch Monster Energy lata 500 ml,https://www.dia.es/agua-refrescos-y-zumos/bebidas-energeticas/p/274679,https://www.dia.es/product_images/274679/274679_ISO_0_ES.jpg?imwidth=392,"1,79 €",Grasas 0g de las cuales saturadas 0g Hidratos de Carbono 11g de los cuales azúcares 10g Proteínas 0g Sal 0.1g Niacina 8.5µg,No disponible,"(3,58 €/LITRO)"
Bebida energética sabor sandía Red bull lata 250 ml,https://www.dia.es/agua-refrescos-y-zumos/bebidas-energeticas/p/271471,https://www.dia.es/product_images/271471/271471_ISO_0_ES.jpg?imwidth=392,"1,59 €",Grasas 0g de las cuales saturadas 0g Hidratos de Carbono 11g de los cuales azúcares 11g Proteínas 0g Sal 0.1g Niacina 8µg Ácido pantoténico 2mg,3x2 selección red bull,No disponible
Bebida energética zero Red bull lata 250 ml,https://www.dia.es/agua-refrescos-y-zumos/bebidas-energeticas/p/268167,https://www.dia.es/product_images/268167/268167_ISO_0_ES.jpg?imwidth=392,"1,59 €",Grasas 0g de las cuales saturadas 0g Hidratos de Carbono 0g de los cuales azúcares 0g Proteínas 0g Sal 0.02g Niacina 8µg Ácido pantoténico 2mg,3x2 selección red bull,No disponible
Bebida energética sin azúcar Red bull lata 4 x 250 ml,https://www.dia.es/agua-refrescos-y-zumos/bebidas-energeticas/p/259560,https://www.dia.es/product_images/259560/259560_ISO_0_ES.jpg?imwidth=392,"5,39 €",Grasas 0g de las cuales saturadas 0g Hidratos de Carbono 0g de los cuales azúcares 0g Proteínas 0g Sal 0.1g Niacina 8µg Ácido pantoténico 2mg,No disponible,"(5,39 €/LITRO)"
Bebida energética sabor guayaba Rockstar lata 500 ml,https://www.dia.es/agua-refrescos-y-zumos/bebidas-energeticas/p/246425,https://www.dia.es/product_images/246425/246425_ISO_0_ES.jpg?imwidth=392,"1,50 €",Grasas 0g de las cuales saturadas 0g Hidratos de Carbono 14g de los cuales azúcares 14g Proteínas 0g Sal 0.09g Niacina 3.2µg,No disponible,"(3,00 €/LITRO)"
Bebida energética sabor baya de junio Red bull lata 250 ml,https://www.dia.es/agua-refrescos-y-zumos/bebidas-energeticas/p/198457,https://www.dia.es/product_images/198457/198457_ISO_0_ES.jpg?imwidth=392,"1,59 €",Grasas 0g de las cuales saturadas 0g Hidratos de Carbono 11g de los cuales azúcares 11g Proteínas 0g Sal 0.1g Niacina 8µg Ácido pantoténico 2mg,No disponible,"(6,36 €/LITRO)"
Bebida energética Red bull lata 473 ml,https://www.dia.es/agua-refrescos-y-zumos/bebidas-energeticas/p/147140,https://www.dia.es/product_images/147140/147140_ISO_0_ES.jpg?imwidth=392,"2,59 €",Grasas 0g de las cuales saturadas 0g Hidratos de Carbono 11g de los cuales azúcares 11g Proteínas 0g Sal 0.1g Niacina 8µg Ácido pantoténico 2mg,No disponible,"(5,48 €/LITRO)"
Bebida refrescante de limón Aquarius botella 2 x 1.5 l,https://www.dia.es/agua-refrescos-y-zumos/bebidas-isotonicas/p/145062,https://www.dia.es/product_images/145062/145062_ISO_0_ES.jpg?imwidth=392,"3,89 €",Grasas 0g de las cuales saturadas 0g Hidratos de Carbono 4.4g de los cuales azúcares 4.4g Proteínas 0g Sal 0.05g,No disponible,"(1,30 €/LITRO)"
Bebida refrescante de limón zero azúcar Aquarius botella 1.5 l,https://www.dia.es/agua-refrescos-y-zumos/bebidas-isotonicas/p/124654,https://www.dia.es/product_images/124654/124654_ISO_0_ES.jpg?imwidth=392,"1,99 €",Grasas 0g de las cuales saturadas 0g Hidratos de Carbono 0g de los cuales azúcares 0g Proteínas 0g Sal 0.05g,No disponible,"(1,33 €/LITRO)"
Bebida refrescante aromatizada cítrico Get move de Dia botella 1.5 l,https://www.dia.es/agua-refrescos-y-zumos/bebidas-isotonicas/p/130738,https://www.dia.es/product_images/130738/130738_ISO_0_ES.jpg?imwidth=392,"0,95 €",Grasas 0g de las cuales saturadas 0g Hidratos de Carbono 4.4g de los cuales azúcares 4.4g Proteínas 0g Sal 0.05g Selenio 4.5µg Zinc 0.8mg,No disponible,"(0,63 €/LITRO)"
Bebida refrescante aromatizada cítrico zero Get move de Dia botella 1.5 l,https://www.dia.es/agua-refrescos-y-zumos/bebidas-isotonicas/p/145845,https://www.dia.es/product_images/145845/145845_ISO_0_ES.jpg?imwidth=392,"0,95 €",Grasas 0g de las cuales saturadas 0g Hidratos de Carbono 0g de los cuales azúcares 0g Proteínas 0g Sal 0.06g Selenio 4.5µg Zinc 0.8mg,No disponible,"(0,63 €/LITRO)"
Bebida refrescante aromatizada naranja Get move de Dia botella 1.5 l,https://www.dia.es/agua-refrescos-y-zumos/bebidas-isotonicas/p/131436,https://www.dia.es/product_images/131436/131436_ISO_0_ES.jpg?imwidth=392,"0,95 €",Grasas 0g de las cuales saturadas 0g Hidratos de Carbono 4.5g de los cuales azúcares 4.5g Proteínas 0g Sal 0.05g Selenio 4.5µg Zinc 0.8mg,No disponible,"(0,63 €/LITRO)"
Bebida refrescante de limón Aquarius lata 9 x 33 cl,https://www.dia.es/agua-refrescos-y-zumos/bebidas-isotonicas/p/147150,https://www.dia.es/product_images/147150/147150_ISO_0_ES.jpg?imwidth=392,"7,69 €",Grasas 0g de las cuales saturadas 0g Hidratos de Carbono 4.4g de los cuales azúcares 4.4g Proteínas 0g Sal 0.05g,No disponible,"(2,59 €/LITRO)"
Bebida refrescante aromatizada azul Get move de Dia botella 500 ml,https://www.dia.es/agua-refrescos-y-zumos/bebidas-isotonicas/p/207367,https://www.dia.es/product_images/207367/207367_ISO_0_ES.jpg?imwidth=392,"0,60 €",Hidratos de Carbono 4.9g de los cuales azúcares 4.9g Sal 0.13g,No disponible,"(1,20 €/LITRO)"
Bebida refrescante de limón Aquarius botella 1.5 l,https://www.dia.es/agua-refrescos-y-zumos/bebidas-isotonicas/p/39737,https://www.dia.es/product_images/39737/39737_ISO_0_ES.jpg?imwidth=392,"1,99 €",Grasas 0g de las cuales saturadas 0g Hidratos de Carbono 1g de los cuales azúcares 1g Proteínas 2000g Sal 0g,No disponible,"(1,33 €/LITRO)"
Bebida refrescante de naranja Aquarius botella 1.5 l,https://www.dia.es/agua-refrescos-y-zumos/bebidas-isotonicas/p/117445,https://www.dia.es/product_images/117445/117445_ISO_0_ES.jpg?imwidth=392,"1,99 €",Grasas 0g de las cuales saturadas 0g Hidratos de Carbono 4.5g de los cuales azúcares 4.5g Proteínas 0g Sal 0.05g,No disponible,"(1,33 €/LITRO)"
Bebida refrescante de melocotón rojo Aquarius lata 330 ml,https://www.dia.es/agua-refrescos-y-zumos/bebidas-isotonicas/p/303582,https://www.dia.es/product_images/303582/303582_ISO_0_ES.jpg?imwidth=392,"0,95 €",Grasas 0g de las cuales saturadas 0g Hidratos de Carbono 4.6g de los cuales azúcares 4.6g Proteínas 0g Sal 0.06g,No disponible,"(2,88 €/LITRO)"
Bebida refrescante aromatizada cítrico Get move de Dia lata 330 ml,https://www.dia.es/agua-refrescos-y-zumos/bebidas-isotonicas/p/54779,https://www.dia.es/product_images/54779/54779_ISO_0_ES.jpg?imwidth=392,"0,45 €",Grasas 0g de las cuales saturadas 0g Hidratos de Carbono 4.4g de los cuales azúcares 4.4g Proteínas 0g Sal 0.05g Niacina 8µg Ácido pantoténico 0.6mg Riboflavinas 0.5mg Selenio 4.5µg Zinc 0.8mg,No disponible,"(1,36 €/LITRO)"
Bebida refrescante aromatizada ice storm Powerade botella 500 ml,https://www.dia.es/agua-refrescos-y-zumos/bebidas-isotonicas/p/47652,https://www.dia.es/product_images/47652/47652_ISO_0_ES.jpg?imwidth=392,"1,00 €",Grasas 0g de las cuales saturadas 0g Hidratos de Carbono 5g de los cuales azúcares 5g Proteínas 0g Sal 0.13g,No disponible,"(2,00 €/LITRO)"
Bebida refrescante de limón zero azúcar Aquarius lata 330 ml,https://www.dia.es/agua-refrescos-y-zumos/bebidas-isotonicas/p/145040,https://www.dia.es/product_images/145040/145040_ISO_0_ES.jpg?imwidth=392,"0,89 €",Grasas 0g de las cuales saturadas 0g Hidratos de Carbono 0g de los cuales azúcares 0g Proteínas 0g Sal 0.05g,No disponible,"(2,70 €/LITRO)"
Bebida refrescante aromatizada rosa Get move de Dia botella 500 ml,https://www.dia.es/agua-refrescos-y-zumos/bebidas-isotonicas/p/300612,https://www.dia.es/product_images/300612/300612_ISO_0_ES.jpg?imwidth=392,"0,60 €",Grasas 0g de las cuales saturadas 0g Hidratos de Carbono 4.8g de los cuales azúcares 4.8g Proteínas 0g Sal 0.11g,No disponible,"(1,20 €/LITRO)"
Bebida refrescante de naranja Aquarius lata 330 ml,https://www.dia.es/agua-refrescos-y-zumos/bebidas-isotonicas/p/21347,https://www.dia.es/product_images/21347/21347_ISO_0_ES.jpg?imwidth=392,"0,89 €",Grasas 0g de las cuales saturadas 0g Hidratos de Carbono 4.5g de los cuales azúcares 4.5g Proteínas 0g Sal 0.05g,No disponible,"(2,70 €/LITRO)"
Bebida refrescante de naranja Aquarius lata 9 x 33 cl,https://www.dia.es/agua-refrescos-y-zumos/bebidas-isotonicas/p/147149,https://www.dia.es/product_images/147149/147149_ISO_0_ES.jpg?imwidth=392,"7,69 €",Grasas 0g de las cuales saturadas 0g Hidratos de Carbono 4.5g de los cuales azúcares 4.5g Proteínas 0g Sal 0.05g,No disponible,"(2,59 €/LITRO)"
Bebida refrescante de naranja zero azúcar Aquarius lata 330 ml,https://www.dia.es/agua-refrescos-y-zumos/bebidas-isotonicas/p/242638,https://www.dia.es/product_images/242638/242638_ISO_0_ES.jpg?imwidth=392,"0,89 €",Grasas 0g de las cuales saturadas 0g Hidratos de Carbono 0g de los cuales azúcares 0g Proteínas 0g Sal 0.05g Zinc 0.8mg,No disponible,"(2,70 €/LITRO)"
Bebida refrescante de naranja zero azúcar Aquarius botella 1.5 l,https://www.dia.es/agua-refrescos-y-zumos/bebidas-isotonicas/p/124653,https://www.dia.es/product_images/124653/124653_ISO_0_ES.jpg?imwidth=392,"1,99 €",Grasas 0g de las cuales saturadas 0g Hidratos de Carbono 0g de los cuales azúcares 0g Proteínas 0g Sal 0.05g,No disponible,"(1,33 €/LITRO)"
Bebida refrescante de limón Aquarius lata 330 ml,https://www.dia.es/agua-refrescos-y-zumos/bebidas-isotonicas/p/5138,https://www.dia.es/product_images/5138/5138_ISO_0_ES.jpg?imwidth=392,"0,89 €",Grasas 0g de las cuales saturadas 0g Hidratos de Carbono 4.4g de los cuales azúcares 4.4g Proteínas 0g Sal 0.05g,No disponible,"(2,70 €/LITRO)"
Bebida refrescante de limón Aquarius botella 500 ml,https://www.dia.es/agua-refrescos-y-zumos/bebidas-isotonicas/p/61823,https://www.dia.es/product_images/61823/61823_ISO_0_ES.jpg?imwidth=392,"1,45 €",Grasas 0g de las cuales saturadas 0g Hidratos de Carbono 4.4g de los cuales azúcares 4.4g Proteínas 0g Sal 0.05g,No disponible,"(2,90 €/LITRO)"
Bebida de frutas con leche tropical Zumosfera de Dia brik 6 x 200 ml,https://www.dia.es/agua-refrescos-y-zumos/zumos/p/173780,https://www.dia.es/product_images/173780/173780_ISO_0_ES.jpg?imwidth=392,"1,25 €",Grasas 0g de las cuales saturadas 0g Hidratos de Carbono 7g de los cuales azúcares 6.4g Proteínas 0.4g Sal 0.01g,No disponible,"(1,04 €/LITRO)"
Zumo tropical sin azúcares añadidos Zumosfera de Dia brik 1 l,https://www.dia.es/agua-refrescos-y-zumos/zumos/p/205791,https://www.dia.es/product_images/205791/205791_ISO_0_ES.jpg?imwidth=392,"0,79 €",Grasas 0g de las cuales saturadas 0g Hidratos de Carbono 5.5g de los cuales azúcares 5.1g Proteínas 0.3g Sal 0.01g Biotina 7.5µg Niacina 2.4mg Ácido pantoténico 0.9mg,No disponible,"(0,79 €/LITRO)"
Zumo de piña sin azúcares añadidos Zumosfera de Dia brik 1 l,https://www.dia.es/agua-refrescos-y-zumos/zumos/p/288687,https://www.dia.es/product_images/288687/288687_ISO_0_ES.jpg?imwidth=392,"0,89 €",Grasas 0g de las cuales saturadas 0g Hidratos de Carbono 6.2g de los cuales azúcares 5g Fibra alimentaria 0g Proteínas 0.1g Sal 0g,No disponible,"(0,89 €/LITRO)"
"Zumo de piña, manzana y uva 100% Zumosfera de Dia brik 6 x 200 ml",https://www.dia.es/agua-refrescos-y-zumos/zumos/p/146298,https://www.dia.es/product_images/146298/146298_ISO_0_ES.jpg?imwidth=392,"1,40 €",Grasas 0g de las cuales saturadas 0g Hidratos de Carbono 11g de los cuales azúcares 10g Proteínas 0.5g Sal 0g,No disponible,"(1,17 €/LITRO)"
Bebida con leche tropical Pascual Bifrutas brik 6 x 20 cl,https://www.dia.es/agua-refrescos-y-zumos/zumos/p/125790,https://www.dia.es/product_images/125790/125790_ISO_0_ES.jpg?imwidth=392,"2,39 €",Grasas 0g de las cuales saturadas 0g Hidratos de Carbono 4.8g de los cuales azúcares 4.8g Fibra alimentaria 0.5g Proteínas 0.3g Sal 0.03g,No disponible,"(1,99 €/LITRO)"
Zumo de melocotón y uva Zumosfera de Dia brik 6 x 200 ml,https://www.dia.es/agua-refrescos-y-zumos/zumos/p/146289,https://www.dia.es/product_images/146289/146289_ISO_0_ES.jpg?imwidth=392,"1,50 €",Grasas 0g de las cuales saturadas 0g Hidratos de Carbono 13g de los cuales azúcares 12g Proteínas 0.5g Sal 0g,No disponible,"(1,25 €/LITRO)"
Zumo de naranja sin azúcares añadidos Zumosfera de Dia brik 1 l,https://www.dia.es/agua-refrescos-y-zumos/zumos/p/288688,https://www.dia.es/product_images/288688/288688_ISO_0_ES.jpg?imwidth=392,"0,99 €",Grasas 0g de las cuales saturadas 0g Hidratos de Carbono 5g de los cuales azúcares 4g Fibra alimentaria 0g Proteínas 0.1g Sal 0g,No disponible,"(0,99 €/LITRO)"
Bebida de frutas con leche mediterráneo Zumosfera de Dia brik 6 x 200 ml,https://www.dia.es/agua-refrescos-y-zumos/zumos/p/146653,https://www.dia.es/product_images/146653/146653_ISO_0_ES.jpg?imwidth=392,"1,25 €",Grasas 0g de las cuales saturadas 0g Hidratos de Carbono 8g de los cuales azúcares 7g Proteínas 0.4g Sal 0.01g,No disponible,"(1,04 €/LITRO)"
Zumo de naranja 100% con pulpa Zumosfera de Dia brik 1 l,https://www.dia.es/agua-refrescos-y-zumos/zumos/p/50690,https://www.dia.es/product_images/50690/50690_ISO_0_ES.jpg?imwidth=392,"1,75 €",Grasas 0.1g de las cuales saturadas 0.1g Hidratos de Carbono 9.9g de los cuales azúcares 9.3g Fibra alimentaria 0.2g Proteínas 0.6g Sal 0.01g,No disponible,"(1,75 €/LITRO)"
Zumo de melocotón sin azúcares añadidos Zumosfera de Dia brik 1 l,https://www.dia.es/agua-refrescos-y-zumos/zumos/p/288689,https://www.dia.es/product_images/288689/288689_ISO_0_ES.jpg?imwidth=392,"0,99 €",Grasas 0g de las cuales saturadas 0g Hidratos de Carbono 5g de los cuales azúcares 4g Fibra alimentaria 0g Proteínas 0.1g Sal 0g,No disponible,"(0,99 €/LITRO)"
Zumo de manzana sin azúcares añadidos Zumosfera de Dia brik 1 l,https://www.dia.es/agua-refrescos-y-zumos/zumos/p/288690,https://www.dia.es/product_images/288690/288690_ISO_0_ES.jpg?imwidth=392,"0,89 €",Grasas 0g de las cuales saturadas 0g Hidratos de Carbono 5g de los cuales azúcares 4g Fibra alimentaria 0g Proteínas 0.1g Sal 0g,No disponible,"(0,89 €/LITRO)"
Zumo de naranja 100% sin pulpa Zumosfera de Dia brik 1 l,https://www.dia.es/agua-refrescos-y-zumos/zumos/p/131262,https://www.dia.es/product_images/131262/131262_ISO_0_ES.jpg?imwidth=392,"1,75 €",Grasas 0.1g de las cuales saturadas 0g Hidratos de Carbono 10g de los cuales azúcares 10g Fibra alimentaria 0.1g Proteínas 0.6g Sal 0.01g,No disponible,"(1,75 €/LITRO)"
Zumo de piña 100% Zumosfera de Dia brik 1 l,https://www.dia.es/agua-refrescos-y-zumos/zumos/p/693,https://www.dia.es/product_images/693/693_ISO_0_ES.jpg?imwidth=392,"1,00 €",Grasas 0g de las cuales saturadas 0g Hidratos de Carbono 12g de los cuales azúcares 11g Proteínas 0.5g Sal 0g,No disponible,"(1,00 €/LITRO)"
Bebida de frutas con leche tropical Zumosfera de Dia brik 1 l,https://www.dia.es/agua-refrescos-y-zumos/zumos/p/50689,https://www.dia.es/product_images/50689/50689_ISO_0_ES.jpg?imwidth=392,"0,95 €",Grasas 0g de las cuales saturadas 0g Hidratos de Carbono 7g de los cuales azúcares 6.4g Proteínas 0.4g Sal 0.01g,No disponible,"(0,95 €/LITRO)"
Zumo de manzana 100% Zumosfera de Dia brik 6 x 200 ml,https://www.dia.es/agua-refrescos-y-zumos/zumos/p/43228,https://www.dia.es/product_images/43228/43228_ISO_0_ES.jpg?imwidth=392,"1,39 €",Grasas 0.5g de las cuales saturadas 0.1g Hidratos de Carbono 10.3g de los cuales azúcares 9.8g Proteínas 0.5g Sal 0.01g,No disponible,"(1,16 €/LITRO)"
Limonada Don Simón botella 1.5 l,https://www.dia.es/agua-refrescos-y-zumos/zumos/p/190208,https://www.dia.es/product_images/190208/190208_ISO_0_ES.jpg?imwidth=392,"1,13 €",Grasas 0g de las cuales saturadas 0g Hidratos de Carbono 5.9g de los cuales azúcares 5.9g Proteínas 0g Sal 0g,No disponible,"(0,75 €/LITRO)"
Bebida de frutas con leche caribe Zumosfera de Dia brik 6 x 20 cl,https://www.dia.es/agua-refrescos-y-zumos/zumos/p/158331,https://www.dia.es/product_images/158331/158331_ISO_0_ES.jpg?imwidth=392,"1,20 €",Grasas 0g de las cuales saturadas 0g Hidratos de Carbono 4.9g de los cuales azúcares 4.8g Proteínas 0.4g Sal 0.02g,No disponible,"(1,00 €/LITRO)"
Zumo de piña y uva 100% Zumosfera de Dia brik 3 x 200 ml,https://www.dia.es/agua-refrescos-y-zumos/zumos/p/277772,https://www.dia.es/product_images/277772/277772_ISO_0_ES.jpg?imwidth=392,"1,00 €",Grasas 0g de las cuales saturadas 0g Hidratos de Carbono 14g de los cuales azúcares 14g Proteínas 0.4g Sal 0g,No disponible,"(1,67 €/LITRO)"
Néctar de melocotón light Zumosfera de Dia pack 6 x 200 ml,https://www.dia.es/agua-refrescos-y-zumos/zumos/p/118161,https://www.dia.es/product_images/118161/118161_ISO_0_ES.jpg?imwidth=392,"1,19 €",Grasas 0.1g de las cuales saturadas 0g Hidratos de Carbono 3.7g de los cuales azúcares 3.1g Proteínas 0.3g Sal 0.03g,No disponible,"(0,98 €/LITRO)"
Zumo de naranja Simon Life botella 1.5 l,https://www.dia.es/agua-refrescos-y-zumos/zumos/p/46425,https://www.dia.es/product_images/46425/46425_ISO_0_ES.jpg?imwidth=392,"1,85 €",Grasas 0.1g de las cuales saturadas 0.05g Hidratos de Carbono 7g de los cuales azúcares 7g Proteínas 0g Sal 0.02g,No disponible,"(1,23 €/LITRO)"
Refresco sin gas de manzana Upss Dia botella 1.5 l,https://www.dia.es/agua-refrescos-y-zumos/otras-bebidas/p/16288,https://www.dia.es/product_images/16288/16288_ISO_0_ES.jpg?imwidth=392,"1,05 €",Grasas 0g de las cuales saturadas 0g Hidratos de Carbono 4.6g de los cuales azúcares 4.2g Proteínas 0g Sal 0g,No disponible,"(0,70 €/LITRO)"
Bitter Bobby Bitter de Dia lata 25 cl,https://www.dia.es/agua-refrescos-y-zumos/otras-bebidas/p/110097,https://www.dia.es/product_images/110097/110097_ISO_0_ES.jpg?imwidth=392,"0,55 €",Grasas 0g de las cuales saturadas 0g Hidratos de Carbono 4.7g de los cuales azúcares 4.7g Proteínas 0g Sal 0g,No disponible,"(2,20 €/LITRO)"
Refresco sin gas de naranja y zanahoria Upss Dia botella 1.5 l,https://www.dia.es/agua-refrescos-y-zumos/otras-bebidas/p/43582,https://www.dia.es/product_images/43582/43582_ISO_0_ES.jpg?imwidth=392,"1,09 €",Grasas 0g de las cuales saturadas 0g Hidratos de Carbono 4.6g de los cuales azúcares 4.6g Proteínas 0.1g Sal 0.01g,No disponible,"(0,73 €/LITRO)"
Refresco de limón sin gas Upss Dia botella 1.5 l,https://www.dia.es/agua-refrescos-y-zumos/otras-bebidas/p/35487,https://www.dia.es/product_images/35487/35487_ISO_0_ES.jpg?imwidth=392,"1,05 €",Grasas 0g de las cuales saturadas 0g Hidratos de Carbono 4.8g de los cuales azúcares 4.8g Proteínas 0g Sal 0.03g,No disponible,"(0,70 €/LITRO)"
Refresco de naranja sin gas Upss Dia botella 1.5 l,https://www.dia.es/agua-refrescos-y-zumos/otras-bebidas/p/35488,https://www.dia.es/product_images/35488/35488_ISO_0_ES.jpg?imwidth=392,"1,05 €",Grasas 0g de las cuales saturadas 0g Hidratos de Carbono 4.7g de los cuales azúcares 4.7g Proteínas 0.1g Sal 0.02g,No disponible,"(0,70 €/LITRO)"
Refresco de sandía zero azúcares Fanta lata 33 cl,https://www.dia.es/agua-refrescos-y-zumos/otras-bebidas/p/283112,https://www.dia.es/product_images/283112/283112_ISO_0_ES.jpg?imwidth=392,"0,75 €",Grasas 0g de las cuales saturadas 0g Hidratos de Carbono 0.3g de los cuales azúcares 0.3g Proteínas 0g Sal 0.02g,No disponible,"(2,27 €/LITRO)"
Refresco en polvo sabor tropical Tang bolsa 30 g,https://www.dia.es/agua-refrescos-y-zumos/otras-bebidas/p/65254,https://www.dia.es/product_images/65254/65254_ISO_0_ES.jpg?imwidth=392,"0,83 €",Grasas 0.1g de las cuales saturadas 0.1g Hidratos de Carbono 2.5g de los cuales azúcares 2.4g Fibra alimentaria 0.1g Proteínas 0.1g Ácido Fólico 15µg Sal 0.01g Riboflavinas 0.11mg,No disponible,"(27,67 €/KILO)"
Refresco de fresa Tang bolsa 30 g,https://www.dia.es/agua-refrescos-y-zumos/otras-bebidas/p/85248,https://www.dia.es/product_images/85248/85248_ISO_0_ES.jpg?imwidth=392,"0,83 €",Grasas 0.1g de las cuales saturadas 0.1g Hidratos de Carbono 2.1g de los cuales azúcares 2.1g Fibra alimentaria 0.1g Proteínas 0.1g Ácido Fólico 15µg Sal 0.09g Riboflavinas 0.11mg,No disponible,"(27,67 €/KILO)"
Pajitas comestibles sabor fresa Sorbos caja 170 g,https://www.dia.es/agua-refrescos-y-zumos/otras-bebidas/p/291492,https://www.dia.es/product_images/291492/291492_ISO_0_ES.jpg?imwidth=392,"2,75 €",Grasas 0.56g de las cuales saturadas 0.32g Hidratos de Carbono 95.6g de los cuales azúcares 94.7g Proteínas 2.29g Sal 0.1g,No disponible,"(16,18 €/KILO)"
Bitter Kas lata 33 cl,https://www.dia.es/agua-refrescos-y-zumos/otras-bebidas/p/60725,https://www.dia.es/product_images/60725/60725_ISO_0_ES.jpg?imwidth=392,"0,99 €",Grasas 0g de las cuales saturadas 0g Hidratos de Carbono 4.8g de los cuales azúcares 4.7g Proteínas 0g Sal 0.03g,No disponible,"(3,00 €/LITRO)"
Refresco en polvo sabor naranja Tang bolsa 30 g,https://www.dia.es/agua-refrescos-y-zumos/otras-bebidas/p/65305,https://www.dia.es/product_images/65305/65305_ISO_0_ES.jpg?imwidth=392,"0,83 €",Grasas 0.1g de las cuales saturadas 0.1g Hidratos de Carbono 2.2g de los cuales azúcares 2.1g Fibra alimentaria 0.1g Proteínas 0.1g Ácido Fólico 15µg Sal 0.08g Riboflavinas 0.11mg,No disponible,"(27,67 €/KILO)"
Refresco en polvo sabor limón Tang bolsa 30 g,https://www.dia.es/agua-refrescos-y-zumos/otras-bebidas/p/10585,https://www.dia.es/product_images/10585/10585_ISO_0_ES.jpg?imwidth=392,"0,83 €",Grasas 0.1g de las cuales saturadas 0.1g Hidratos de Carbono 2g de los cuales azúcares 2g Fibra alimentaria 0.1g Proteínas 0.1g Ácido Fólico 15µg Sal 0.01g Riboflavinas 0.11mg,No disponible,"(27,67 €/KILO)"
Refresco de zumo de fruta mix zero sin gas San Benedetto botella 40 cl,https://www.dia.es/agua-refrescos-y-zumos/otras-bebidas/p/263611,https://www.dia.es/product_images/263611/263611_ISO_0_ES.jpg?imwidth=392,"0,99 €",Grasas 0g de las cuales saturadas 0g Hidratos de Carbono 2.7g de los cuales azúcares 2.7g Proteínas 0.2g Sal 0.01g,No disponible,"(2,48 €/LITRO)"
Refresco tropical sin gas Enjoy botella 1.5 l,https://www.dia.es/agua-refrescos-y-zumos/otras-bebidas/p/263608,https://www.dia.es/product_images/263608/263608_ISO_0_ES.jpg?imwidth=392,"1,19 €",Grasas 0g de las cuales saturadas 0g Hidratos de Carbono 4g de los cuales azúcares 4g Proteínas 0g Sal 0.03g,No disponible,"(0,79 €/LITRO)"
Refresco sin gas de fresa Upss Dia botella 500 ml,https://www.dia.es/agua-refrescos-y-zumos/otras-bebidas/p/300611,https://www.dia.es/product_images/300611/300611_ISO_0_ES.jpg?imwidth=392,"0,69 €",Grasas 0g de las cuales saturadas 0g Hidratos de Carbono 4.6g de los cuales azúcares 4.6g Proteínas 0g Sal 0.02g,No disponible,"(1,38 €/LITRO)"
Bebida de kombucha con mango Komvida botella 250 ml,https://www.dia.es/agua-refrescos-y-zumos/otras-bebidas/p/303600,https://www.dia.es/product_images/303600/303600_ISO_0_ES.jpg?imwidth=392,"2,59 €",Grasas 0.5g de las cuales saturadas 0.1g Hidratos de Carbono 4g de los cuales azúcares 3.1g Proteínas 0.3g Sal 0.07g,No disponible,"(10,36 €/LITRO)"
Bebida de kombucha con jengibre y limón Komvida botella 250 ml,https://www.dia.es/agua-refrescos-y-zumos/otras-bebidas/p/277589,https://www.dia.es/product_images/277589/277589_ISO_0_ES.jpg?imwidth=392,"2,59 €",Grasas 0.52g de las cuales saturadas 0.24g Hidratos de Carbono 1.65g de los cuales azúcares 1.65g Proteínas 0.1g Sal 0.01g,3x2 en selección bebida kombucha,No disponible
Bebida de kombucha con frutos rojos Komvida botella 250 ml,https://www.dia.es/agua-refrescos-y-zumos/otras-bebidas/p/277590,https://www.dia.es/product_images/277590/277590_ISO_0_ES.jpg?imwidth=392,"2,59 €",Grasas 1.5g de las cuales saturadas 0.18g Hidratos de Carbono 3.75g de los cuales azúcares 2.05g Proteínas 0.3g Sal 0.01g,3x2 en selección bebida kombucha,No disponible
Refresco de naranja sin gas Upss Dia lata 33 cl,https://www.dia.es/agua-refrescos-y-zumos/otras-bebidas/p/43868,https://www.dia.es/product_images/43868/43868_ISO_0_ES.jpg?imwidth=392,"0,49 €",Grasas 0g de las cuales saturadas 0g Hidratos de Carbono 4.7g de los cuales azúcares 4.7g Proteínas 0.1g Sal 0.02g,No disponible,"(1,48 €/LITRO)"
Agua mineral con frutos rojos zero San Benedetto botella 40 cl,https://www.dia.es/agua-refrescos-y-zumos/otras-bebidas/p/280278,https://www.dia.es/product_images/280278/280278_ISO_0_ES.jpg?imwidth=392,"0,99 €",Grasas 0g de las cuales saturadas 0g Hidratos de Carbono 3g de los cuales azúcares 3g Proteínas 0.1g Sal 0.02g,No disponible,"(2,48 €/LITRO)"
Bebida de kombucha con frutos rojos Upss Dia botella 250 ml,https://www.dia.es/agua-refrescos-y-zumos/otras-bebidas/p/303641,https://www.dia.es/product_images/303641/303641_ISO_0_ES.jpg?imwidth=392,"1,79 €",Grasas 0g de las cuales saturadas 0g Hidratos de Carbono 2.2g de los cuales azúcares 1.8g Proteínas 0g Sal 0g,No disponible,"(7,16 €/LITRO)"
Bebida de kombucha con limón y jengibre Upss Dia botella 250 ml,https://www.dia.es/agua-refrescos-y-zumos/otras-bebidas/p/303640,https://www.dia.es/product_images/303640/303640_ISO_0_ES.jpg?imwidth=392,"1,79 €",Grasas 0g de las cuales saturadas 0g Hidratos de Carbono 2.3g de los cuales azúcares 1.7g Proteínas 0g Sal 0g,No disponible,"(7,16 €/LITRO)"
Pajitas comestibles sabor lima Sorbos caja 170 g,https://www.dia.es/agua-refrescos-y-zumos/otras-bebidas/p/291493,https://www.dia.es/product_images/291493/291493_ISO_0_ES.jpg?imwidth=392,"2,75 €",Grasas 0.56g de las cuales saturadas 0.32g Hidratos de Carbono 95.6g de los cuales azúcares 94.7g Proteínas 2.29g Sal 0.1g,No disponible,"(16,18 €/KILO)"
Refresco de limón zero Schweppes lata 33 cl,https://www.dia.es/agua-refrescos-y-zumos/otras-bebidas/p/284287,https://www.dia.es/product_images/284287/284287_ISO_0_ES.jpg?imwidth=392,"0,95 €",Grasas 0g de las cuales saturadas 0g Hidratos de Carbono 0g de los cuales azúcares 0g Proteínas 0g Sal 0.05g,No disponible,"(2,88 €/LITRO)"
Agua de coco Vita coco brik 330 ml,https://www.dia.es/agua-refrescos-y-zumos/otras-bebidas/p/281105,https://www.dia.es/product_images/281105/281105_ISO_0_ES.jpg?imwidth=392,"1,89 €",Grasas 0g de las cuales saturadas 0g Hidratos de Carbono 4.5g de los cuales azúcares 4g Proteínas 0g Sal 0.04g Potasio 188mg,No disponible,"(5,73 €/LITRO)"
Bebida multifrutas Surprise drinks botella 300 ml,https://www.dia.es/agua-refrescos-y-zumos/otras-bebidas/p/268231,https://www.dia.es/product_images/268231/268231_ISO_0_ES.jpg?imwidth=392,"1,35 €",Grasas 0g de las cuales saturadas 0g Hidratos de Carbono 11.4g de los cuales azúcares 10.7g Proteínas 0g Sal 0.07g,No disponible,"(4,50 €/LITRO)"
Ginger ale Schweppes lata 33 cl,https://www.dia.es/agua-refrescos-y-zumos/otras-bebidas/p/241284,https://www.dia.es/product_images/241284/241284_ISO_0_ES.jpg?imwidth=392,"0,99 €",Grasas 0g de las cuales saturadas 0g Hidratos de Carbono 4.6g de los cuales azúcares 4.6g Proteínas 0g Sal 0.01g,No disponible,"(3,00 €/LITRO)"
Cerveza lager Ramblers de Dia lata 24 x 33 cl,https://www.dia.es/cervezas-vinos-y-bebidas-con-alcohol/cervezas/p/127641,https://www.dia.es/product_images/127641/127641_ISO_0_ES.jpg?imwidth=392,"7,44 €",No disponible,No disponible,"(0,94 €/LITRO)"
Cerveza especial Ramblers de Dia pack 12 x 33 cl,https://www.dia.es/cervezas-vinos-y-bebidas-con-alcohol/cervezas/p/36797P12,https://www.dia.es/product_images/36797P12/36797P12_ISO_0_ES.jpg?imwidth=392,"4,08 €",No disponible,No disponible,"(1,03 €/LITRO)"
Cerveza lager Ramblers de Dia lata 33 cl,https://www.dia.es/cervezas-vinos-y-bebidas-con-alcohol/cervezas/p/192,https://www.dia.es/product_images/192/192_ISO_0_ES.jpg?imwidth=392,"0,31 €",No disponible,No disponible,"(0,94 €/LITRO)"
Cerveza clásica Mahou lata 12 x 33 cl,https://www.dia.es/cervezas-vinos-y-bebidas-con-alcohol/cervezas/p/1722,https://www.dia.es/product_images/1722/1722_ISO_0_ES.jpg?imwidth=392,"8,64 €",Grasas 0g de las cuales saturadas 0g Hidratos de Carbono 3.4g de los cuales azúcares 0.1g Proteínas 0.3g Sal 0g,No disponible,"(2,18 €/LITRO)"
Cerveza lager Ramblers de Dia botella 6 x 25 cl,https://www.dia.es/cervezas-vinos-y-bebidas-con-alcohol/cervezas/p/132,https://www.dia.es/product_images/132/132_ISO_0_ES.jpg?imwidth=392,"1,98 €",No disponible,No disponible,"(1,32 €/LITRO)"
Cerveza Mahou 5 Estrellas botella 12 x 25 cl,https://www.dia.es/cervezas-vinos-y-bebidas-con-alcohol/cervezas/p/5600,https://www.dia.es/product_images/5600/5600_ISO_0_ES.jpg?imwidth=392,"7,68 €",Grasas 0g de las cuales saturadas 0g Hidratos de Carbono 3.9g de los cuales azúcares 0.1g Proteínas 0.4g Sal 0g,No disponible,"(2,56 €/LITRO)"
Cerveza Mahou 5 Estrellas lata 12 x 33 cl,https://www.dia.es/cervezas-vinos-y-bebidas-con-alcohol/cervezas/p/6171,https://www.dia.es/product_images/6171/6171_ISO_0_ES.jpg?imwidth=392,"9,99 €",Grasas 0g de las cuales saturadas 0g Hidratos de Carbono 3.9g de los cuales azúcares 0.1g Proteínas 0.4g Sal 0g,No disponible,"(2,52 €/LITRO)"
Cerveza especial Alhambra botella 6 x 25 cl,https://www.dia.es/cervezas-vinos-y-bebidas-con-alcohol/cervezas/p/216394,https://www.dia.es/product_images/216394/216394_ISO_0_ES.jpg?imwidth=392,"3,99 €",Grasas 0g de las cuales saturadas 0g Hidratos de Carbono 4.15g de los cuales azúcares 0.3g Proteínas 0.3g Sal 0g,No disponible,"(2,66 €/LITRO)"
Cerveza lager Ramblers de Dia lata 12 x 33 cl,https://www.dia.es/cervezas-vinos-y-bebidas-con-alcohol/cervezas/p/192P12,https://www.dia.es/product_images/192P12/192P12_ISO_0_ES.jpg?imwidth=392,"3,72 €",No disponible,No disponible,"(0,94 €/LITRO)"
Cerveza especial Estrella Galicia lata 33 cl,https://www.dia.es/cervezas-vinos-y-bebidas-con-alcohol/cervezas/p/24286,https://www.dia.es/product_images/24286/24286_ISO_0_ES.jpg?imwidth=392,"0,87 €",Grasas 0g de las cuales saturadas 0g Hidratos de Carbono 3.5g de los cuales azúcares 0g Proteínas 0g Sal 0g,No disponible,"(2,64 €/LITRO)"
Cerveza rubia especial Victoria lata 33 cl,https://www.dia.es/cervezas-vinos-y-bebidas-con-alcohol/cervezas/p/228450,https://www.dia.es/product_images/228450/228450_ISO_0_ES.jpg?imwidth=392,"0,72 €",No disponible,No disponible,"(2,18 €/LITRO)"
Cerveza San Miguel botella 12 x 25 cl,https://www.dia.es/cervezas-vinos-y-bebidas-con-alcohol/cervezas/p/64319,https://www.dia.es/product_images/64319/64319_ISO_0_ES.jpg?imwidth=392,"6,39 €",Grasas 0g de las cuales saturadas 0g Hidratos de Carbono 4.1g de los cuales azúcares 0.2g Proteínas 0.4g Sal 0g,No disponible,"(2,13 €/LITRO)"
Cerveza lager Ramblers de Dia botella 1 l,https://www.dia.es/cervezas-vinos-y-bebidas-con-alcohol/cervezas/p/263592,https://www.dia.es/product_images/263592/263592_ISO_0_ES.jpg?imwidth=392,"0,90 €",Hidratos de Carbono 5.7g de los cuales azúcares 3.2g Proteínas 0.2g Sal 0.01g,No disponible,"(0,90 €/LITRO)"
Cerveza lager Ramblers de Dia lata 50 cl,https://www.dia.es/cervezas-vinos-y-bebidas-con-alcohol/cervezas/p/20958,https://www.dia.es/product_images/20958/20958_ISO_0_ES.jpg?imwidth=392,"0,49 €",No disponible,No disponible,"(0,98 €/LITRO)"
Cerveza San Miguel lata 12 x 33 cl,https://www.dia.es/cervezas-vinos-y-bebidas-con-alcohol/cervezas/p/11984,https://www.dia.es/product_images/11984/11984_ISO_0_ES.jpg?imwidth=392,"8,40 €",Grasas 0g de las cuales saturadas 0g Hidratos de Carbono 4.1g de los cuales azúcares 0.2g Proteínas 0.4g Sal 0g,No disponible,"(2,12 €/LITRO)"
Cerveza clásica Mahou lata 24 x 33 cl,https://www.dia.es/cervezas-vinos-y-bebidas-con-alcohol/cervezas/p/186607,https://www.dia.es/product_images/186607/186607_ISO_0_ES.jpg?imwidth=392,"17,29 €",Grasas 0g de las cuales saturadas 0g Hidratos de Carbono 3.4g de los cuales azúcares 0.1g Proteínas 0.3g Sal 0g,No disponible,"(2,18 €/LITRO)"
Cerveza Heineken lata 33 cl,https://www.dia.es/cervezas-vinos-y-bebidas-con-alcohol/cervezas/p/12517,https://www.dia.es/product_images/12517/12517_ISO_0_ES.jpg?imwidth=392,"0,85 €",Grasas 0g de las cuales saturadas 0g Hidratos de Carbono 3.2g de los cuales azúcares 0g Proteínas 0g Sal 0.01g,No disponible,"(2,58 €/LITRO)"
Cerveza Heineken lata 12 x 33 cl,https://www.dia.es/cervezas-vinos-y-bebidas-con-alcohol/cervezas/p/232317,https://www.dia.es/product_images/232317/232317_ISO_0_ES.jpg?imwidth=392,"9,79 €",Grasas 0g de las cuales saturadas 0g Hidratos de Carbono 3.2g de los cuales azúcares 0g Proteínas 0g Sal 0.01g,No disponible,"(2,47 €/LITRO)"
Cerveza especial negra Ramblers de Dia pack 6 x 33 cl,https://www.dia.es/cervezas-vinos-y-bebidas-con-alcohol/cervezas-especiales/p/88004P6,https://www.dia.es/product_images/88004P6/88004P6_ISO_0_ES.jpg?imwidth=392,"3,18 €",Grasas 20g de las cuales saturadas 10g Hidratos de Carbono 67g de los cuales azúcares 29g Proteínas 6g Sal 1g,No disponible,"(1,61 €/LITRO)"
Cerveza especial negra Ramblers de Dia lata 33 cl,https://www.dia.es/cervezas-vinos-y-bebidas-con-alcohol/cervezas-especiales/p/88004,https://www.dia.es/product_images/88004/88004_ISO_0_ES.jpg?imwidth=392,"0,53 €",Grasas 20g de las cuales saturadas 10g Hidratos de Carbono 67g de los cuales azúcares 29g Proteínas 6g Sal 1g,No disponible,"(1,61 €/LITRO)"
Cerveza de trigo weissbier Ramblers de Dia lata 50 cl,https://www.dia.es/cervezas-vinos-y-bebidas-con-alcohol/cervezas-especiales/p/292471,https://www.dia.es/product_images/292471/292471_ISO_0_ES.jpg?imwidth=392,"0,85 €",No disponible,2 ud a 1 euro cerveza trigo ramblers 50 cl,No disponible
Cerveza muy suave Ramblers de Dia botella 33 cl,https://www.dia.es/cervezas-vinos-y-bebidas-con-alcohol/cervezas-especiales/p/280091,https://www.dia.es/product_images/280091/280091_ISO_0_ES.jpg?imwidth=392,"0,69 €",No disponible,No disponible,"(2,09 €/LITRO)"
Cerveza doble malta Voll Damm lata 33 cl,https://www.dia.es/cervezas-vinos-y-bebidas-con-alcohol/cervezas-especiales/p/25220,https://www.dia.es/product_images/25220/25220_ISO_0_ES.jpg?imwidth=392,"0,99 €",No disponible,No disponible,"(3,00 €/LITRO)"
Cerveza doble malta Ramblers de Dia lata 33 cl,https://www.dia.es/cervezas-vinos-y-bebidas-con-alcohol/cervezas-especiales/p/54570,https://www.dia.es/product_images/54570/54570_ISO_0_ES.jpg?imwidth=392,"0,53 €",No disponible,No disponible,"(1,61 €/LITRO)"
Cerveza tostada Ramblers de Dia lata 33 cl,https://www.dia.es/cervezas-vinos-y-bebidas-con-alcohol/cervezas-especiales/p/280089,https://www.dia.es/product_images/280089/280089_ISO_0_ES.jpg?imwidth=392,"0,50 €",No disponible,No disponible,"(1,52 €/LITRO)"
Cerveza reserva 1925 Alhambra botella 6 x 225 ml,https://www.dia.es/cervezas-vinos-y-bebidas-con-alcohol/cervezas-especiales/p/254526,https://www.dia.es/product_images/254526/254526_ISO_0_ES.jpg?imwidth=392,"5,99 €",Grasas 0g de las cuales saturadas 0g Hidratos de Carbono 4.4g de los cuales azúcares 0.3g Proteínas 0.4g Sal 0g,No disponible,"(4,44 €/LITRO)"
Cerveza de trigo alemana Paulaner botella 50 cl,https://www.dia.es/cervezas-vinos-y-bebidas-con-alcohol/cervezas-especiales/p/195167,https://www.dia.es/product_images/195167/195167_ISO_0_ES.jpg?imwidth=392,"1,99 €",Grasas 0g de las cuales saturadas 0g Hidratos de Carbono 2.6g Proteínas 0.6g,No disponible,"(3,98 €/LITRO)"
Cerveza reserva 1925 Alhambra botella 4 x 33 cl,https://www.dia.es/cervezas-vinos-y-bebidas-con-alcohol/cervezas-especiales/p/49740,https://www.dia.es/product_images/49740/49740_ISO_0_ES.jpg?imwidth=392,"5,89 €",Grasas 0g de las cuales saturadas 0g Hidratos de Carbono 4.4g de los cuales azúcares 0.3g Proteínas 0.4g Sal 0g,No disponible,"(4,46 €/LITRO)"
Cerveza artesana Ramblers de Dia botella 33 cl,https://www.dia.es/cervezas-vinos-y-bebidas-con-alcohol/cervezas-especiales/p/282647,https://www.dia.es/product_images/282647/282647_ISO_0_ES.jpg?imwidth=392,"0,69 €",No disponible,No disponible,"(2,09 €/LITRO)"
Cerveza rubia original Desperados botella 33 cl,https://www.dia.es/cervezas-vinos-y-bebidas-con-alcohol/cervezas-especiales/p/135217,https://www.dia.es/product_images/135217/135217_ISO_0_ES.jpg?imwidth=392,"1,49 €",Grasas 0g de las cuales saturadas 0g Hidratos de Carbono 6.3g de los cuales azúcares 2.2g Proteínas 0g Sal 0.01g,No disponible,"(4,52 €/LITRO)"
Cerveza mexicana Corona botella 35.5 cl,https://www.dia.es/cervezas-vinos-y-bebidas-con-alcohol/cervezas-especiales/p/115202,https://www.dia.es/product_images/115202/115202_ISO_0_ES.jpg?imwidth=392,"1,50 €",Grasas 0g de las cuales saturadas 0g Hidratos de Carbono 4g de los cuales azúcares 0.2g Proteínas 0.3g Sal 0.04g,No disponible,"(4,23 €/LITRO)"
Cerveza reserva especial 1906 botella 6 x 33 cl,https://www.dia.es/cervezas-vinos-y-bebidas-con-alcohol/cervezas-especiales/p/38148,https://www.dia.es/product_images/38148/38148_ISO_0_ES.jpg?imwidth=392,"6,59 €",Grasas 0g de las cuales saturadas 0g Hidratos de Carbono 3.9g de los cuales azúcares 0g Proteínas 0g Sal 0g,No disponible,"(3,33 €/LITRO)"
Cerveza Franziskaner botella 50 cl,https://www.dia.es/cervezas-vinos-y-bebidas-con-alcohol/cervezas-especiales/p/40102,https://www.dia.es/product_images/40102/40102_ISO_0_ES.jpg?imwidth=392,"1,73 €",Grasas 0g de las cuales saturadas 0g Hidratos de Carbono 3.3g de los cuales azúcares 0.2g Proteínas 0.8g Sal 0g,No disponible,"(3,46 €/LITRO)"
Cerveza especial 18/70 La rubia botella 33 cl,https://www.dia.es/cervezas-vinos-y-bebidas-con-alcohol/cervezas-especiales/p/295946,https://www.dia.es/product_images/295946/295946_ISO_0_ES.jpg?imwidth=392,"1,00 €",Grasas 0g de las cuales saturadas 0g Hidratos de Carbono 4g Proteínas 0.5g Sal 0.01g,No disponible,"(3,03 €/LITRO)"
Cerveza doble malta Ramblers de Dia lata 6 x 33 cl,https://www.dia.es/cervezas-vinos-y-bebidas-con-alcohol/cervezas-especiales/p/54570P6,https://www.dia.es/product_images/54570P6/54570P6_ISO_0_ES.jpg?imwidth=392,"3,18 €",No disponible,No disponible,"(1,61 €/LITRO)"
Cerveza artesana tostada Märzen Ramblers de Dia botella 33 cl,https://www.dia.es/cervezas-vinos-y-bebidas-con-alcohol/cervezas-especiales/p/301570,https://www.dia.es/product_images/301570/301570_ISO_0_ES.jpg?imwidth=392,"1,10 €",No disponible,No disponible,"(3,33 €/LITRO)"
Cerveza tostada Ramblers de Dia pack 6 x 33 cl,https://www.dia.es/cervezas-vinos-y-bebidas-con-alcohol/cervezas-especiales/p/280089P6,https://www.dia.es/product_images/280089P6/280089P6_ISO_0_ES.jpg?imwidth=392,"3,00 €",No disponible,No disponible,"(1,52 €/LITRO)"
Cerveza tostada doble lúpulo Mahou Maestra lata 33 cl,https://www.dia.es/cervezas-vinos-y-bebidas-con-alcohol/cervezas-especiales/p/220326,https://www.dia.es/product_images/220326/220326_ISO_0_ES.jpg?imwidth=392,"1,00 €",Grasas 0g de las cuales saturadas 0g Hidratos de Carbono 5.6g de los cuales azúcares 0.6g Proteínas 0.3g Sal 0g,No disponible,"(3,03 €/LITRO)"
Cerveza extra San Miguel Selecta lata 33 cl,https://www.dia.es/cervezas-vinos-y-bebidas-con-alcohol/cervezas-especiales/p/130556,https://www.dia.es/product_images/130556/130556_ISO_0_ES.jpg?imwidth=392,"1,00 €",Grasas 0g de las cuales saturadas 0g Hidratos de Carbono 5g de los cuales azúcares 0.5g Proteínas 0.4g Sal 0g,No disponible,"(3,03 €/LITRO)"
Cerveza especial blue Salitos botella 33 cl,https://www.dia.es/cervezas-vinos-y-bebidas-con-alcohol/cervezas-especiales/p/282767,https://www.dia.es/product_images/282767/282767_ISO_0_ES.jpg?imwidth=392,"1,75 €",No disponible,No disponible,"(5,30 €/LITRO)"
Cerveza radler con zumo de limón Ramblers de Dia lata 33 cl,https://www.dia.es/cervezas-vinos-y-bebidas-con-alcohol/cervezas-con-limon/p/207565,https://www.dia.es/product_images/207565/207565_ISO_0_ES.jpg?imwidth=392,"0,40 €",Grasas 0.1g de las cuales saturadas 0.1g Hidratos de Carbono 7.1g de los cuales azúcares 5.9g Proteínas 0.2g Sal 0.01g,No disponible,"(1,21 €/LITRO)"
Cerveza sabor limón shandy sin alcohol Ramblers de Dia lata 33 cl,https://www.dia.es/cervezas-vinos-y-bebidas-con-alcohol/cervezas-con-limon/p/81852,https://www.dia.es/product_images/81852/81852_ISO_0_ES.jpg?imwidth=392,"0,33 €",Grasas 0.1g de las cuales saturadas 0.1g Hidratos de Carbono 2.2g de los cuales azúcares 0.5g Proteínas 0.2g Sal 0.01g,No disponible,"(1,00 €/LITRO)"
Cerveza radler con limón Amstel lata 12 x 33 cl,https://www.dia.es/cervezas-vinos-y-bebidas-con-alcohol/cervezas-con-limon/p/224710,https://www.dia.es/product_images/224710/224710_ISO_0_ES.jpg?imwidth=392,"8,99 €",Grasas 0g de las cuales saturadas 0g Hidratos de Carbono 7.5g de los cuales azúcares 6.3g Proteínas 0g Sal 0.01g,No disponible,"(2,27 €/LITRO)"
"Cerveza radler con limón 0,0% alcohol San Miguel lata 33 cl",https://www.dia.es/cervezas-vinos-y-bebidas-con-alcohol/cervezas-con-limon/p/125715,https://www.dia.es/product_images/125715/125715_ISO_0_ES.jpg?imwidth=392,"0,70 €",Grasas 0g de las cuales saturadas 0g Hidratos de Carbono 8.6g de los cuales azúcares 6.3g Proteínas 0.2g Sal 0g,No disponible,"(2,12 €/LITRO)"
Cerveza con limón Shandy botella 6 x 25 cl,https://www.dia.es/cervezas-vinos-y-bebidas-con-alcohol/cervezas-con-limon/p/54616,https://www.dia.es/product_images/54616/54616_ISO_0_ES.jpg?imwidth=392,"3,19 €",Grasas 0g de las cuales saturadas 0g Hidratos de Carbono 7.7g de los cuales azúcares 7.3g Proteínas 0g Sal 0.01g,No disponible,"(2,13 €/LITRO)"
Cerveza radler con zumo de limón Ramblers de Dia pack 12 x 33 cl,https://www.dia.es/cervezas-vinos-y-bebidas-con-alcohol/cervezas-con-limon/p/207565P12,https://www.dia.es/product_images/207565P12/207565P12_ISO_0_ES.jpg?imwidth=392,"4,80 €",Grasas 0.1g de las cuales saturadas 0.1g Hidratos de Carbono 7.1g de los cuales azúcares 5.9g Proteínas 0.2g Sal 0.01g,No disponible,"(1,21 €/LITRO)"
Cerveza sabor limón shandy sin alcohol Ramblers de Dia pack 12 x 33 cl,https://www.dia.es/cervezas-vinos-y-bebidas-con-alcohol/cervezas-con-limon/p/81852P12,https://www.dia.es/product_images/81852P12/81852P12_ISO_0_ES.jpg?imwidth=392,"3,96 €",Grasas 0.1g de las cuales saturadas 0.1g Hidratos de Carbono 2.2g de los cuales azúcares 0.5g Proteínas 0.2g Sal 0.01g,No disponible,"(1,00 €/LITRO)"
Cerveza radler con limón Amstel lata 33 cl,https://www.dia.es/cervezas-vinos-y-bebidas-con-alcohol/cervezas-con-limon/p/167088,https://www.dia.es/product_images/167088/167088_ISO_0_ES.jpg?imwidth=392,"0,79 €",Grasas 0g de las cuales saturadas 0g Hidratos de Carbono 7.5g de los cuales azúcares 6.3g Proteínas 0g Sal 0.01g,2 ud a 1 euro amstel radler con limón 33 cl,No disponible
Cerveza con limón Shandy lata 33 cl,https://www.dia.es/cervezas-vinos-y-bebidas-con-alcohol/cervezas-con-limon/p/66511,https://www.dia.es/product_images/66511/66511_ISO_0_ES.jpg?imwidth=392,"0,85 €",Grasas 0g de las cuales saturadas 0g Hidratos de Carbono 7.7g de los cuales azúcares 7.3g Proteínas 0g Sal 0.01g,No disponible,"(2,58 €/LITRO)"
Cerveza con limón Mahou Mixta pack 8 x 33 cl,https://www.dia.es/cervezas-vinos-y-bebidas-con-alcohol/cervezas-con-limon/p/6285P8,https://www.dia.es/product_images/6285P8/6285P8_ISO_0_ES.jpg?imwidth=392,"6,32 €",Grasas 0g de las cuales saturadas 0g Hidratos de Carbono 6g de los cuales azúcares 5g Proteínas 0g Sal 0.02g,No disponible,"(2,39 €/LITRO)"
Cerveza radler con limón San Miguel lata 33 cl,https://www.dia.es/cervezas-vinos-y-bebidas-con-alcohol/cervezas-con-limon/p/246930,https://www.dia.es/product_images/246930/246930_ISO_0_ES.jpg?imwidth=392,"0,75 €",Grasas 0g de las cuales saturadas 0g Hidratos de Carbono 6.7g de los cuales azúcares 4g Proteínas 0.2g Sal 0.01g,No disponible,"(2,27 €/LITRO)"
"Cerveza radler con limón 0,0% alcohol Amstel lata 33 cl",https://www.dia.es/cervezas-vinos-y-bebidas-con-alcohol/cervezas-con-limon/p/248453,https://www.dia.es/product_images/248453/248453_ISO_0_ES.jpg?imwidth=392,"0,79 €",Grasas 0g de las cuales saturadas 0g Hidratos de Carbono 7.5g de los cuales azúcares 6.5g Proteínas 0g Sal 0.01g,"2 ud a 1 euro amstel 0,0 radler 33 cl",No disponible
Cerveza radler con limón Mahou 5 Estrellas lata 33 cl,https://www.dia.es/cervezas-vinos-y-bebidas-con-alcohol/cervezas-con-limon/p/249193,https://www.dia.es/product_images/249193/249193_ISO_0_ES.jpg?imwidth=392,"0,78 €",Grasas 0g de las cuales saturadas 0g Hidratos de Carbono 6.7g de los cuales azúcares 4.2g Proteínas 0.2g Sal 0.01g,No disponible,"(2,36 €/LITRO)"
Cerveza con limón Mahou Mixta botella 6 x 25 cl,https://www.dia.es/cervezas-vinos-y-bebidas-con-alcohol/cervezas-con-limon/p/10054,https://www.dia.es/product_images/10054/10054_ISO_0_ES.jpg?imwidth=392,"3,79 €",Grasas 0g de las cuales saturadas 0g Hidratos de Carbono 6g de los cuales azúcares 5g Proteínas 0g Sal 2g,No disponible,"(2,53 €/LITRO)"
"Cerveza radler con limón 0,0% alcohol Amstel lata 12 x 33 cl",https://www.dia.es/cervezas-vinos-y-bebidas-con-alcohol/cervezas-sin-alcohol/p/277449,https://www.dia.es/product_images/277449/277449_ISO_0_ES.jpg?imwidth=392,"8,99 €",Grasas 0g de las cuales saturadas 0g Hidratos de Carbono 7.5g de los cuales azúcares 6.5g Proteínas 0g Sal 0.01g,No disponible,"(2,27 €/LITRO)"
Cerveza con limón Mahou Mixta lata 33 cl,https://www.dia.es/cervezas-vinos-y-bebidas-con-alcohol/cervezas-con-limon/p/6285,https://www.dia.es/product_images/6285/6285_ISO_0_ES.jpg?imwidth=392,"0,79 €",Grasas 0g de las cuales saturadas 0g Hidratos de Carbono 6g de los cuales azúcares 5g Proteínas 0g Sal 0.02g,No disponible,"(2,39 €/LITRO)"
"Cerveza tostada 0,0% alcohol Ramblers de Dia pack 12 x 33 cl",https://www.dia.es/cervezas-vinos-y-bebidas-con-alcohol/cervezas-sin-alcohol/p/275859P12,https://www.dia.es/product_images/275859P12/275859P12_ISO_0_ES.jpg?imwidth=392,"5,52 €",Grasas 0.1g de las cuales saturadas 0.1g Hidratos de Carbono 5.7g de los cuales azúcares 3.2g Proteínas 0.2g Sal 0.01g,No disponible,"(1,39 €/LITRO)"
"Cerveza tostada 0,0% alcohol Mahou lata 12 x 33 cl",https://www.dia.es/cervezas-vinos-y-bebidas-con-alcohol/cervezas-sin-alcohol/p/259450,https://www.dia.es/product_images/259450/259450_ISO_0_ES.jpg?imwidth=392,"9,49 €",Grasas 0g de las cuales saturadas 0g Hidratos de Carbono 6.2g de los cuales azúcares 3.4g Proteínas 0.3g Sal 0g,No disponible,"(2,40 €/LITRO)"
"Cerveza 0,0% alcohol Ramblers de Dia lata 33 cl",https://www.dia.es/cervezas-vinos-y-bebidas-con-alcohol/cervezas-sin-alcohol/p/54701,https://www.dia.es/product_images/54701/54701_ISO_0_ES.jpg?imwidth=392,"0,35 €",Grasas 0.1g de las cuales saturadas 0.1g Hidratos de Carbono 4.9g de los cuales azúcares 2.1g Proteínas 0.2g Sal 0.01g,No disponible,"(1,06 €/LITRO)"
"Cerveza radler con limón 0,0% alcohol Amstel lata 33 cl",https://www.dia.es/cervezas-vinos-y-bebidas-con-alcohol/cervezas-con-limon/p/248453,https://www.dia.es/product_images/248453/248453_ISO_0_ES.jpg?imwidth=392,"0,79 €",Grasas 0g de las cuales saturadas 0g Hidratos de Carbono 7.5g de los cuales azúcares 6.5g Proteínas 0g Sal 0.01g,"2 ud a 1 euro amstel 0,0 radler 33 cl",No disponible
Cerveza sin alcohol Mahou botella 6 x 25 cl,https://www.dia.es/cervezas-vinos-y-bebidas-con-alcohol/cervezas-sin-alcohol/p/10363,https://www.dia.es/product_images/10363/10363_ISO_0_ES.jpg?imwidth=392,"2,89 €",Grasas 0g de las cuales saturadas 0g Hidratos de Carbono 4.6g de los cuales azúcares 1.5g Proteínas 0.2g Sal 0g,No disponible,"(1,93 €/LITRO)"
Cerveza triple zero tostada 0.0% alcohol Ambar lata 33 cl,https://www.dia.es/cervezas-vinos-y-bebidas-con-alcohol/cervezas-sin-alcohol/p/274605,https://www.dia.es/product_images/274605/274605_ISO_0_ES.jpg?imwidth=392,"0,79 €",Grasas 0g de las cuales saturadas 0g Hidratos de Carbono 4g de los cuales azúcares 0g Fibra alimentaria 1g Proteínas 0g Sal 0g,No disponible,"(2,39 €/LITRO)"
"Cerveza 0,0% alcohol Ramblers de Dia pack 12 x 33 cl",https://www.dia.es/cervezas-vinos-y-bebidas-con-alcohol/cervezas-sin-alcohol/p/54701P12,https://www.dia.es/product_images/54701P12/54701P12_ISO_0_ES.jpg?imwidth=392,"4,20 €",Grasas 0.1g de las cuales saturadas 0.1g Hidratos de Carbono 4.9g de los cuales azúcares 2.1g Proteínas 0.2g Sal 0.01g,No disponible,"(1,06 €/LITRO)"
"Cerveza tostada 0,0% alcohol Ramblers de Dia lata 33 cl",https://www.dia.es/cervezas-vinos-y-bebidas-con-alcohol/cervezas-sin-alcohol/p/275859,https://www.dia.es/product_images/275859/275859_ISO_0_ES.jpg?imwidth=392,"0,46 €",Grasas 0.1g de las cuales saturadas 0.1g Hidratos de Carbono 5.7g de los cuales azúcares 3.2g Proteínas 0.2g Sal 0.01g,No disponible,"(1,39 €/LITRO)"
Cerveza sabor limón shandy sin alcohol Ramblers de Dia pack 12 x 33 cl,https://www.dia.es/cervezas-vinos-y-bebidas-con-alcohol/cervezas-con-limon/p/81852P12,https://www.dia.es/product_images/81852P12/81852P12_ISO_0_ES.jpg?imwidth=392,"3,96 €",Grasas 0.1g de las cuales saturadas 0.1g Hidratos de Carbono 2.2g de los cuales azúcares 0.5g Proteínas 0.2g Sal 0.01g,No disponible,"(1,00 €/LITRO)"
"Cerveza tostada 0,0% alcohol Amstel Oro lata 33 cl",https://www.dia.es/cervezas-vinos-y-bebidas-con-alcohol/cervezas-sin-alcohol/p/260302,https://www.dia.es/product_images/260302/260302_ISO_0_ES.jpg?imwidth=392,"0,89 €",Grasas 0g de las cuales saturadas 0g Hidratos de Carbono 4.6g de los cuales azúcares 2g Proteínas 0g Sal 0.01g,No disponible,"(2,70 €/LITRO)"
"Cerveza tostada 0,0% alcohol Mahou lata 33 cl",https://www.dia.es/cervezas-vinos-y-bebidas-con-alcohol/cervezas-sin-alcohol/p/237317,https://www.dia.es/product_images/237317/237317_ISO_0_ES.jpg?imwidth=392,"0,85 €",Grasas 0g de las cuales saturadas 0g Hidratos de Carbono 6.2g de los cuales azúcares 3.4g Proteínas 0.3g Sal 0g,No disponible,"(2,58 €/LITRO)"
"Cerveza tostada 0,0% alcohol Mahou botella 6 x 25 cl",https://www.dia.es/cervezas-vinos-y-bebidas-con-alcohol/cervezas-sin-alcohol/p/258078,https://www.dia.es/product_images/258078/258078_ISO_0_ES.jpg?imwidth=392,"4,29 €",Grasas 0g de las cuales saturadas 0g Hidratos de Carbono 6.2g de los cuales azúcares 3.4g Proteínas 0.3g Sal 0g,No disponible,"(2,86 €/LITRO)"
"Cerveza sin filtrar 0,0 El aguila lata 33 cl",https://www.dia.es/cervezas-vinos-y-bebidas-con-alcohol/cervezas-sin-alcohol/p/303646,https://www.dia.es/product_images/303646/303646_ISO_0_ES.jpg?imwidth=392,"0,85 €",Grasas 0g de las cuales saturadas 0g Hidratos de Carbono 4.6g de los cuales azúcares 3.6g Proteínas 0.9g Sal 0.01g,No disponible,"(2,58 €/LITRO)"
"Cerveza tostada 0,0% alcohol Ramblers de Dia pack 6 x 25 cl",https://www.dia.es/cervezas-vinos-y-bebidas-con-alcohol/cervezas-sin-alcohol/p/300379,https://www.dia.es/product_images/300379/300379_ISO_0_ES.jpg?imwidth=392,"2,99 €",Grasas 0.1g de las cuales saturadas 0.1g Hidratos de Carbono 5.7g de los cuales azúcares 3.2g Proteínas 0.2g Sal 0.01g,No disponible,"(1,99 €/LITRO)"
"Cerveza 0,0 alcohol Corona botella 33 cl",https://www.dia.es/cervezas-vinos-y-bebidas-con-alcohol/cervezas-sin-alcohol/p/293455,https://www.dia.es/product_images/293455/293455_ISO_0_ES.jpg?imwidth=392,"1,60 €",Grasas 0g de las cuales saturadas 0g Hidratos de Carbono 3.9g de los cuales azúcares 0.7g Proteínas 0.4g Sal 0g,No disponible,"(4,85 €/LITRO)"
"Cerveza 0,0% alcohol Heineken lata 33 cl",https://www.dia.es/cervezas-vinos-y-bebidas-con-alcohol/cervezas-sin-alcohol/p/236249,https://www.dia.es/product_images/236249/236249_ISO_0_ES.jpg?imwidth=392,"0,85 €",Grasas 0g de las cuales saturadas 0g Hidratos de Carbono 4.8g de los cuales azúcares 1.3g Proteínas 0g Sal 0.01g,No disponible,"(2,58 €/LITRO)"
Cerveza sin alcohol Mahou lata 33 cl,https://www.dia.es/cervezas-vinos-y-bebidas-con-alcohol/cervezas-sin-alcohol/p/29352,https://www.dia.es/product_images/29352/29352_ISO_0_ES.jpg?imwidth=392,"0,70 €",Grasas 0g de las cuales saturadas 0g Hidratos de Carbono 4.6g de los cuales azúcares 1.5g Proteínas 0.2g Sal 0g,No disponible,"(2,12 €/LITRO)"
"Cerveza tostada 0,0% alcohol San Miguel lata 33 cl",https://www.dia.es/cervezas-vinos-y-bebidas-con-alcohol/cervezas-sin-alcohol/p/289660,https://www.dia.es/product_images/289660/289660_ISO_0_ES.jpg?imwidth=392,"0,75 €",Grasas 0g de las cuales saturadas 0g Hidratos de Carbono 5g de los cuales azúcares 2.4g Proteínas 0.2g Sal 0g,No disponible,"(2,27 €/LITRO)"
Cerveza sabor limón shandy sin alcohol Ramblers de Dia lata 33 cl,https://www.dia.es/cervezas-vinos-y-bebidas-con-alcohol/cervezas-con-limon/p/81852,https://www.dia.es/product_images/81852/81852_ISO_0_ES.jpg?imwidth=392,"0,33 €",Grasas 0.1g de las cuales saturadas 0.1g Hidratos de Carbono 2.2g de los cuales azúcares 0.5g Proteínas 0.2g Sal 0.01g,No disponible,"(1,00 €/LITRO)"
Cerveza triple zero Ambar lata 33 cl,https://www.dia.es/cervezas-vinos-y-bebidas-con-alcohol/cervezas-sin-alcohol/p/57520,https://www.dia.es/product_images/57520/57520_ISO_0_ES.jpg?imwidth=392,"0,75 €",Grasas 0g de las cuales saturadas 0g Hidratos de Carbono 4g de los cuales azúcares 0g Fibra alimentaria 1g Proteínas 0g Sal 0g,No disponible,"(2,27 €/LITRO)"
Tinto de verano sin alcohol con limón Dia botella 1.5 l,https://www.dia.es/cervezas-vinos-y-bebidas-con-alcohol/tinto-de-verano-y-sangria/p/271563,https://www.dia.es/product_images/271563/271563_ISO_0_ES.jpg?imwidth=392,"0,90 €",Grasas 0g de las cuales saturadas 0g Hidratos de Carbono 0g de los cuales azúcares 0g Fibra alimentaria 2g Proteínas 0g Sal 0.04g,No disponible,"(0,60 €/LITRO)"
Tinto de verano con limón Dia botella 1.5 l,https://www.dia.es/cervezas-vinos-y-bebidas-con-alcohol/tinto-de-verano-y-sangria/p/83978,https://www.dia.es/product_images/83978/83978_ISO_0_ES.jpg?imwidth=392,"1,00 €",Grasas 0g de las cuales saturadas 0g Hidratos de Carbono 3g de los cuales azúcares 3g Proteínas 0g Sal 0.04g,No disponible,"(0,67 €/LITRO)"
Tinto de verano limón La Casera botella 1.5 l,https://www.dia.es/cervezas-vinos-y-bebidas-con-alcohol/tinto-de-verano-y-sangria/p/82850,https://www.dia.es/product_images/82850/82850_ISO_0_ES.jpg?imwidth=392,"2,29 €",Grasas 0g de las cuales saturadas 0g Hidratos de Carbono 1.1g de los cuales azúcares 1.1g Proteínas 0g Sal 0.06g,No disponible,"(1,53 €/LITRO)"
Tinto de verano limón Don Simón botella 1.5 l,https://www.dia.es/cervezas-vinos-y-bebidas-con-alcohol/tinto-de-verano-y-sangria/p/112380,https://www.dia.es/product_images/112380/112380_ISO_0_ES.jpg?imwidth=392,"1,65 €",No disponible,No disponible,"(1,10 €/LITRO)"
Tinto de verano clásico Dia botella 1.5 l,https://www.dia.es/cervezas-vinos-y-bebidas-con-alcohol/tinto-de-verano-y-sangria/p/82389,https://www.dia.es/product_images/82389/82389_ISO_0_ES.jpg?imwidth=392,"1,05 €",Grasas 0g de las cuales saturadas 0g Hidratos de Carbono 3g de los cuales azúcares 3g Proteínas 0g Sal 0.04g,No disponible,"(0,70 €/LITRO)"
Sangría Dia botella 1.5 l,https://www.dia.es/cervezas-vinos-y-bebidas-con-alcohol/tinto-de-verano-y-sangria/p/5962,https://www.dia.es/product_images/5962/5962_ISO_0_ES.jpg?imwidth=392,"1,60 €",Grasas 0g de las cuales saturadas 0g Hidratos de Carbono 7g de los cuales azúcares 7g Proteínas 0g Sal 0g,No disponible,"(1,07 €/LITRO)"
Sangría Don Simón botella 1.5 l,https://www.dia.es/cervezas-vinos-y-bebidas-con-alcohol/tinto-de-verano-y-sangria/p/66989,https://www.dia.es/product_images/66989/66989_ISO_0_ES.jpg?imwidth=392,"2,09 €",No disponible,No disponible,"(1,39 €/LITRO)"
Tinto de verano La Casera botella 1.5 l,https://www.dia.es/cervezas-vinos-y-bebidas-con-alcohol/tinto-de-verano-y-sangria/p/22159,https://www.dia.es/product_images/22159/22159_ISO_0_ES.jpg?imwidth=392,"2,29 €",Grasas 0g de las cuales saturadas 0g Hidratos de Carbono 2g de los cuales azúcares 2g Proteínas 0g Sal 0.02g,No disponible,"(1,53 €/LITRO)"
Vino tinto joven D.O. Valdepeñas Viña Danza botella 75 cl,https://www.dia.es/cervezas-vinos-y-bebidas-con-alcohol/vino-tinto/p/263598,https://www.dia.es/product_images/263598/263598_ISO_0_ES.jpg?imwidth=392,"1,79 €",Grasas 0g de las cuales saturadas 0g Hidratos de Carbono 0.3g de los cuales azúcares 0.3g Proteínas 0g Sal 0g,No disponible,"(2,39 €/LITRO)"
Vino tinto cabernet sauvignon IGP Señorío de Ayerbe botella 75 cl,https://www.dia.es/cervezas-vinos-y-bebidas-con-alcohol/vino-tinto/p/297273,https://www.dia.es/product_images/297273/297273_ISO_0_ES.jpg?imwidth=392,"2,90 €",Grasas 0g de las cuales saturadas 0g Hidratos de Carbono 4.1g de los cuales azúcares 1.4g Proteínas 0g Sal 0g,No disponible,"(3,87 €/LITRO)"
Vino tinto Castillo de Velasco brik 1 l,https://www.dia.es/cervezas-vinos-y-bebidas-con-alcohol/vino-tinto/p/112887,https://www.dia.es/product_images/112887/112887_ISO_0_ES.jpg?imwidth=392,"1,05 €",Grasas 0.5g de las cuales saturadas 0.1g Hidratos de Carbono 0.5g de los cuales azúcares 0.5g Proteínas 1g Sal 0.01g,No disponible,"(1,05 €/LITRO)"
Vino tinto roble D.O. Toro Campo curero botella 75 cl,https://www.dia.es/cervezas-vinos-y-bebidas-con-alcohol/vino-tinto/p/263722,https://www.dia.es/product_images/263722/263722_ISO_0_ES.jpg?imwidth=392,"2,99 €",Grasas 0g de las cuales saturadas 0g Hidratos de Carbono 0g de los cuales azúcares 0g Proteínas 0g Sal 0g,No disponible,"(3,99 €/LITRO)"
Vino tinto crianza D.O. Valdepeñas Viña Danza botella 75 cl,https://www.dia.es/cervezas-vinos-y-bebidas-con-alcohol/vino-tinto/p/263599,https://www.dia.es/product_images/263599/263599_ISO_0_ES.jpg?imwidth=392,"2,19 €",Grasas 0g de las cuales saturadas 0g Hidratos de Carbono 0g de los cuales azúcares 0g Proteínas 0g Sal 0g,No disponible,"(2,92 €/LITRO)"
Vino tinto ecológico D.O. Jumilla Sismicus botella 75 cl,https://www.dia.es/cervezas-vinos-y-bebidas-con-alcohol/vino-tinto/p/267012,https://www.dia.es/product_images/267012/267012_ISO_0_ES.jpg?imwidth=392,"2,99 €",Grasas 0g de las cuales saturadas 0g Hidratos de Carbono 0g de los cuales azúcares 0g Proteínas 0g Sal 0g,No disponible,"(3,99 €/LITRO)"
Vino tinto reserva D.O. Valdepeñas Viña Danza botella 75 cl,https://www.dia.es/cervezas-vinos-y-bebidas-con-alcohol/vino-tinto/p/262787,https://www.dia.es/product_images/262787/262787_ISO_0_ES.jpg?imwidth=392,"2,69 €",Grasas 0g de las cuales saturadas 0g Hidratos de Carbono 0g de los cuales azúcares 0g Proteínas 0g Sal 0g,No disponible,"(3,59 €/LITRO)"
Vino tinto viñas viejas D.O Toro Campo curero botella 75 cl,https://www.dia.es/cervezas-vinos-y-bebidas-con-alcohol/vino-tinto/p/262763,https://www.dia.es/product_images/262763/262763_ISO_0_ES.jpg?imwidth=392,"4,99 €",Grasas 0g de las cuales saturadas 0g Hidratos de Carbono 0g de los cuales azúcares 0g Proteínas 0g Sal 0g,No disponible,"(6,65 €/LITRO)"
Vino tinto joven D.O. Jumilla Sismicus botella 75 cl,https://www.dia.es/cervezas-vinos-y-bebidas-con-alcohol/vino-tinto/p/267011,https://www.dia.es/product_images/267011/267011_ISO_0_ES.jpg?imwidth=392,"1,99 €",Grasas 0g de las cuales saturadas 0g Hidratos de Carbono 0g de los cuales azúcares 0g Proteínas 0g Sal 0g,No disponible,"(2,65 €/LITRO)"
Vino tinto reserva Faustino Rivero botella 75 cl,https://www.dia.es/cervezas-vinos-y-bebidas-con-alcohol/vino-tinto/p/218564,https://www.dia.es/product_images/218564/218564_ISO_0_ES.jpg?imwidth=392,"3,37 €",No disponible,No disponible,"(4,49 €/LITRO)"
Vino tinto crianza D.O. Valdepeñas Viña Albalí botella 75 cl,https://www.dia.es/cervezas-vinos-y-bebidas-con-alcohol/vino-tinto/p/102900,https://www.dia.es/product_images/102900/102900_ISO_0_ES.jpg?imwidth=392,"2,95 €",No disponible,No disponible,"(3,93 €/LITRO)"
Vino tinto joven D.O. La Mancha Ribera de Algodor botella 75 cl,https://www.dia.es/cervezas-vinos-y-bebidas-con-alcohol/vino-tinto/p/28638,https://www.dia.es/product_images/28638/28638_ISO_0_ES.jpg?imwidth=392,"1,35 €",Grasas 0g de las cuales saturadas 0g Hidratos de Carbono 0g de los cuales azúcares 0g Proteínas 0g Sal 0g,No disponible,"(1,80 €/LITRO)"
Vino tinto Valle rojo garrafa 5 l,https://www.dia.es/cervezas-vinos-y-bebidas-con-alcohol/vino-tinto/p/296347,https://www.dia.es/product_images/296347/296347_ISO_0_ES.jpg?imwidth=392,"5,20 €",Grasas 0g de las cuales saturadas 0g Hidratos de Carbono 2.3g de los cuales azúcares 0.09g Proteínas 0.2g Sal 0g,No disponible,"(1,04 €/LITRO)"
Vino tinto roble D.O. Ribera del Duero Arco del Sol botella 75 cl,https://www.dia.es/cervezas-vinos-y-bebidas-con-alcohol/vino-tinto/p/263700,https://www.dia.es/product_images/263700/263700_ISO_0_ES.jpg?imwidth=392,"3,65 €",Grasas 0g de las cuales saturadas 0g Hidratos de Carbono 0g de los cuales azúcares 0g Proteínas 0g Sal 0g,No disponible,"(4,87 €/LITRO)"
Vino tinto crianza D.O Rioja Ramón Bilbao botella 75 cl,https://www.dia.es/cervezas-vinos-y-bebidas-con-alcohol/vino-tinto/p/176701,https://www.dia.es/product_images/176701/176701_ISO_0_ES.jpg?imwidth=392,"9,99 €",Grasas 0g de las cuales saturadas 0g Hidratos de Carbono 1.03g de los cuales azúcares 0.2g Proteínas 0g Sal 0g,No disponible,"(13,32 €/LITRO)"
Vino tinto crianza D.O. Rioja El coto botella 75 cl,https://www.dia.es/cervezas-vinos-y-bebidas-con-alcohol/vino-tinto/p/102921,https://www.dia.es/product_images/102921/102921_ISO_0_ES.jpg?imwidth=392,"6,30 €",No disponible,No disponible,"(8,40 €/LITRO)"
Vino tinto Habla de la tierra botella 75 cl,https://www.dia.es/cervezas-vinos-y-bebidas-con-alcohol/vino-tinto/p/225578,https://www.dia.es/product_images/225578/225578_ISO_0_ES.jpg?imwidth=392,"8,25 €",No disponible,No disponible,"(11,00 €/LITRO)"
Vino tinto roble D.O. Ribera del Duero Protos botella 75 cl,https://www.dia.es/cervezas-vinos-y-bebidas-con-alcohol/vino-tinto/p/132499,https://www.dia.es/product_images/132499/132499_ISO_0_ES.jpg?imwidth=392,"9,50 €",No disponible,No disponible,"(12,67 €/LITRO)"
Vino tinto de la tierra de Extremadura  Viña Tabora baginbox 3 l,https://www.dia.es/cervezas-vinos-y-bebidas-con-alcohol/vino-tinto/p/4740,https://www.dia.es/product_images/4740/4740_ISO_0_ES.jpg?imwidth=392,"4,99 €",Grasas 0.5g de las cuales saturadas 0.1g Hidratos de Carbono 0.5g de los cuales azúcares 0.5g Proteínas 1g Sal 0.01g,No disponible,"(1,66 €/LITRO)"
Vino tinto crianza D.O. Rioja Campo viejo botella 75 cl,https://www.dia.es/cervezas-vinos-y-bebidas-con-alcohol/vino-tinto/p/50657,https://www.dia.es/product_images/50657/50657_ISO_0_ES.jpg?imwidth=392,"5,77 €",No disponible,No disponible,"(7,69 €/LITRO)"
Vino tinto crianza D.O. Rioja Cvne botella 75 cl,https://www.dia.es/cervezas-vinos-y-bebidas-con-alcohol/vino-tinto/p/67923,https://www.dia.es/product_images/67923/67923_ISO_0_ES.jpg?imwidth=392,"6,95 €",Grasas 0.1g de las cuales saturadas 0.1g Hidratos de Carbono 2.5g de los cuales azúcares 0.06g Proteínas 0.2g Sal 0g,No disponible,"(9,27 €/LITRO)"
Vino tinto Castillo de Velasco garrafa 2 l,https://www.dia.es/cervezas-vinos-y-bebidas-con-alcohol/vino-tinto/p/79741,https://www.dia.es/product_images/79741/79741_ISO_0_ES.jpg?imwidth=392,"2,70 €",Grasas 0.5g de las cuales saturadas 0.05g Hidratos de Carbono 0.5g de los cuales azúcares 0.5g Proteínas 1g Sal 0.01g,No disponible,"(1,35 €/LITRO)"
Vino tinto reserva D.O. Valdepeñas Viña Albalí botella 75 cl,https://www.dia.es/cervezas-vinos-y-bebidas-con-alcohol/vino-tinto/p/46244,https://www.dia.es/product_images/46244/46244_ISO_0_ES.jpg?imwidth=392,"3,69 €",No disponible,No disponible,"(4,92 €/LITRO)"
Vino tinto CVC D.O. Rioja Faustino VII botella 75 cl,https://www.dia.es/cervezas-vinos-y-bebidas-con-alcohol/vino-tinto/p/48138,https://www.dia.es/product_images/48138/48138_ISO_0_ES.jpg?imwidth=392,"3,99 €",No disponible,No disponible,"(5,32 €/LITRO)"
Vino tinto crianza D.O. Madrid Puerta de Alcalá botella 75 cl,https://www.dia.es/cervezas-vinos-y-bebidas-con-alcohol/vino-tinto/p/84588,https://www.dia.es/product_images/84588/84588_ISO_0_ES.jpg?imwidth=392,"3,99 €",No disponible,No disponible,"(5,32 €/LITRO)"
Vino tinto gran reserva D.O. Valdepeñas Viña Albalí botella 75 cl,https://www.dia.es/cervezas-vinos-y-bebidas-con-alcohol/vino-tinto/p/80111,https://www.dia.es/product_images/80111/80111_ISO_0_ES.jpg?imwidth=392,"4,49 €",No disponible,No disponible,"(5,99 €/LITRO)"
Vino tinto crianza D.O. Ribera del Duero Altos del Tamarón botella 75 cl,https://www.dia.es/cervezas-vinos-y-bebidas-con-alcohol/vino-tinto/p/77318,https://www.dia.es/product_images/77318/77318_ISO_0_ES.jpg?imwidth=392,"6,49 €",No disponible,No disponible,"(8,65 €/LITRO)"
Vino tinto D.O. Ribera del Duero Viña Mayor botella 75 cl,https://www.dia.es/cervezas-vinos-y-bebidas-con-alcohol/vino-tinto/p/76048,https://www.dia.es/product_images/76048/76048_ISO_0_ES.jpg?imwidth=392,"7,75 €",Grasas 0.5g de las cuales saturadas 0.1g Hidratos de Carbono 2.8g de los cuales azúcares 2.8g Proteínas 0.5g Sal 0.02g,No disponible,"(10,33 €/LITRO)"
Vino tinto Cumbre de Gredos brik 1 l,https://www.dia.es/cervezas-vinos-y-bebidas-con-alcohol/vino-tinto/p/717,https://www.dia.es/product_images/717/717_ISO_0_ES.jpg?imwidth=392,"1,69 €",No disponible,No disponible,"(1,69 €/LITRO)"
Vino tinto D.O. Valdepeñas Molinos botella 75 cl,https://www.dia.es/cervezas-vinos-y-bebidas-con-alcohol/vino-tinto/p/711,https://www.dia.es/product_images/711/711_ISO_0_ES.jpg?imwidth=392,"1,85 €",No disponible,No disponible,"(2,47 €/LITRO)"
Vino tinto roble D.O. Ribera del Duero Altos de Tamarón botella 75 cl,https://www.dia.es/cervezas-vinos-y-bebidas-con-alcohol/vino-tinto/p/67977,https://www.dia.es/product_images/67977/67977_ISO_0_ES.jpg?imwidth=392,"6,40 €",No disponible,No disponible,"(8,53 €/LITRO)"
Vino tinto crianza D.O. Rioja Lagunilla botella 75 cl,https://www.dia.es/cervezas-vinos-y-bebidas-con-alcohol/vino-tinto/p/64808,https://www.dia.es/product_images/64808/64808_ISO_0_ES.jpg?imwidth=392,"7,49 €",No disponible,No disponible,"(9,99 €/LITRO)"
Vino tinto D.O. Tempranillo Altos de Tamarón botella 75 cl,https://www.dia.es/cervezas-vinos-y-bebidas-con-alcohol/vino-tinto/p/62155,https://www.dia.es/product_images/62155/62155_ISO_0_ES.jpg?imwidth=392,"2,99 €",No disponible,No disponible,"(3,99 €/LITRO)"
Vino tinto D.O. Madrid Puerta de Alcalá botella 75 cl,https://www.dia.es/cervezas-vinos-y-bebidas-con-alcohol/vino-tinto/p/59954,https://www.dia.es/product_images/59954/59954_ISO_0_ES.jpg?imwidth=392,"4,45 €",No disponible,No disponible,"(5,93 €/LITRO)"
Vino tinto reserva D.O. Rioja Señorío de Ondas botella 75 cl,https://www.dia.es/cervezas-vinos-y-bebidas-con-alcohol/vino-tinto/p/49601,https://www.dia.es/product_images/49601/49601_ISO_0_ES.jpg?imwidth=392,"4,19 €",Grasas 0g de las cuales saturadas 0g Hidratos de Carbono 3g de los cuales azúcares 0g Proteínas 0g Sal 0g,No disponible,"(5,59 €/LITRO)"
Vino tinto D.O. Madrid Puerta de Alcalá botella 75 cl,https://www.dia.es/cervezas-vinos-y-bebidas-con-alcohol/vino-tinto/p/45963,https://www.dia.es/product_images/45963/45963_ISO_0_ES.jpg?imwidth=392,"3,19 €",No disponible,No disponible,"(4,25 €/LITRO)"
Vino tinto D.O. Somontano Viñas del Vero botella 75 cl,https://www.dia.es/cervezas-vinos-y-bebidas-con-alcohol/vino-tinto/p/45245,https://www.dia.es/product_images/45245/45245_ISO_0_ES.jpg?imwidth=392,"6,10 €",Grasas 0g de las cuales saturadas 0g Hidratos de Carbono 0.28g de los cuales azúcares 0.28g Proteínas 0g Sal 0g,No disponible,"(8,13 €/LITRO)"
Vino tinto crianza D.O Rioja Señorío de Ondas botella 75 cl,https://www.dia.es/cervezas-vinos-y-bebidas-con-alcohol/vino-tinto/p/40350,https://www.dia.es/product_images/40350/40350_ISO_0_ES.jpg?imwidth=392,"3,00 €",Grasas 0g de las cuales saturadas 0g Hidratos de Carbono 2g de los cuales azúcares 0g Proteínas 0g Sal 0g,No disponible,"(4,00 €/LITRO)"
Vino tinto crianza D.O. Rioja Beronia botella 75 cl,https://www.dia.es/cervezas-vinos-y-bebidas-con-alcohol/vino-tinto/p/36194,https://www.dia.es/product_images/36194/36194_ISO_0_ES.jpg?imwidth=392,"8,99 €",Grasas 0g de las cuales saturadas 0g Hidratos de Carbono 0.22g de los cuales azúcares 0.22g Proteínas 0g Sal 0g,No disponible,"(11,99 €/LITRO)"
Vino tinto D.O. Simón brik 1 l,https://www.dia.es/cervezas-vinos-y-bebidas-con-alcohol/vino-tinto/p/35430,https://www.dia.es/product_images/35430/35430_ISO_0_ES.jpg?imwidth=392,"1,60 €",No disponible,No disponible,"(1,60 €/LITRO)"
Vino tinto crianza D.O. Rioja Ederra botella 75 cl,https://www.dia.es/cervezas-vinos-y-bebidas-con-alcohol/vino-tinto/p/3475,https://www.dia.es/product_images/3475/3475_ISO_0_ES.jpg?imwidth=392,"6,99 €",No disponible,No disponible,"(9,32 €/LITRO)"
Vino tinto Muy top botella 75 cl,https://www.dia.es/cervezas-vinos-y-bebidas-con-alcohol/vino-tinto/p/304131,https://www.dia.es/product_images/304131/304131_ISO_0_ES.jpg?imwidth=392,"5,99 €",No disponible,No disponible,"(7,99 €/LITRO)"
Vino tinto crianza D.O. Rioja Faustino botella 75 cl,https://www.dia.es/cervezas-vinos-y-bebidas-con-alcohol/vino-tinto/p/303091,https://www.dia.es/product_images/303091/303091_ISO_0_ES.jpg?imwidth=392,"4,89 €",No disponible,No disponible,"(6,52 €/LITRO)"
Vino tinto 10 meses D.O. Ribera del Duero Portia botella 75 cl,https://www.dia.es/cervezas-vinos-y-bebidas-con-alcohol/vino-tinto/p/303090,https://www.dia.es/product_images/303090/303090_ISO_0_ES.jpg?imwidth=392,"7,69 €",No disponible,No disponible,"(10,25 €/LITRO)"
Vino tinto reserva D.O. Rioja López de Haro botella 75 cl,https://www.dia.es/cervezas-vinos-y-bebidas-con-alcohol/vino-tinto/p/303019,https://www.dia.es/product_images/303019/303019_ISO_0_ES.jpg?imwidth=392,"7,59 €",No disponible,No disponible,"(10,12 €/LITRO)"
Vino tinto crianza D.O. Navarra Viña Ardanche botella 75 cl,https://www.dia.es/cervezas-vinos-y-bebidas-con-alcohol/vino-tinto/p/297272,https://www.dia.es/product_images/297272/297272_ISO_0_ES.jpg?imwidth=392,"2,49 €",Grasas 0g de las cuales saturadas 0g Hidratos de Carbono 2.4g de los cuales azúcares 0.2g Proteínas 0g Sal 0g,No disponible,"(3,32 €/LITRO)"
Vino tinto joven D.O. Rioja Castillo de Haro botella 75 cl,https://www.dia.es/cervezas-vinos-y-bebidas-con-alcohol/vino-tinto/p/297271,https://www.dia.es/product_images/297271/297271_ISO_0_ES.jpg?imwidth=392,"3,29 €",Grasas 0g de las cuales saturadas 0g Hidratos de Carbono 1.5g de los cuales azúcares 0.2g Proteínas 0.2g Sal 0g,No disponible,"(4,39 €/LITRO)"
Vino tinto reserva D.O. Rioja Otoñal botella 75 cl,https://www.dia.es/cervezas-vinos-y-bebidas-con-alcohol/vino-tinto/p/294410,https://www.dia.es/product_images/294410/294410_ISO_0_ES.jpg?imwidth=392,"4,99 €",No disponible,No disponible,"(6,65 €/LITRO)"
Vino tinto Mucho mas botella 75 cl,https://www.dia.es/cervezas-vinos-y-bebidas-con-alcohol/vino-tinto/p/293708,https://www.dia.es/product_images/293708/293708_ISO_0_ES.jpg?imwidth=392,"5,49 €",No disponible,No disponible,"(7,32 €/LITRO)"
Vino tinto Carta de plata botella 75 cl,https://www.dia.es/cervezas-vinos-y-bebidas-con-alcohol/vino-tinto/p/29355,https://www.dia.es/product_images/29355/29355_ISO_0_ES.jpg?imwidth=392,"4,79 €",No disponible,No disponible,"(6,39 €/LITRO)"
Vino tinto reserva D.O. La Mancha Estola botella 75 cl,https://www.dia.es/cervezas-vinos-y-bebidas-con-alcohol/vino-tinto/p/288374,https://www.dia.es/product_images/288374/288374_ISO_0_ES.jpg?imwidth=392,"3,99 €",Grasas 0g de las cuales saturadas 0g Hidratos de Carbono 1g de los cuales azúcares 0.3g Proteínas 0g Sal 0g,No disponible,"(5,32 €/LITRO)"
Vino tinto de Ribera del Queiles Garnacha salvaje moncayo botella 75 cl,https://www.dia.es/cervezas-vinos-y-bebidas-con-alcohol/vino-tinto/p/282759,https://www.dia.es/product_images/282759/282759_ISO_0_ES.jpg?imwidth=392,"8,99 €",No disponible,No disponible,"(11,99 €/LITRO)"
Vino tinto crianza D.O. Rioja López de Haro botella 75 cl,https://www.dia.es/cervezas-vinos-y-bebidas-con-alcohol/vino-tinto/p/282757,https://www.dia.es/product_images/282757/282757_ISO_0_ES.jpg?imwidth=392,"6,95 €",No disponible,No disponible,"(9,27 €/LITRO)"
Vino tinto D.O. Toro Matsu botella 75 cl,https://www.dia.es/cervezas-vinos-y-bebidas-con-alcohol/vino-tinto/p/282750,https://www.dia.es/product_images/282750/282750_ISO_0_ES.jpg?imwidth=392,"8,95 €",No disponible,No disponible,"(11,93 €/LITRO)"
Vino tinto joven D.O. Ribera del Duero Valderivero botella 75 cl,https://www.dia.es/cervezas-vinos-y-bebidas-con-alcohol/vino-tinto/p/273248,https://www.dia.es/product_images/273248/273248_ISO_0_ES.jpg?imwidth=392,"4,99 €",No disponible,No disponible,"(6,65 €/LITRO)"
Vino tinto mencia D.O. Monterrei Mourama botella 75 cl,https://www.dia.es/cervezas-vinos-y-bebidas-con-alcohol/vino-tinto/p/272362,https://www.dia.es/product_images/272362/272362_ISO_0_ES.jpg?imwidth=392,"4,59 €",Grasas 0.1g de las cuales saturadas 0.1g Hidratos de Carbono 2.7g de los cuales azúcares 0.12g Proteínas 0.2g Sal 0g,No disponible,"(6,12 €/LITRO)"
Vino tinto crianza D.O. Ribera del Duero Heredad baran botella 75 cl,https://www.dia.es/cervezas-vinos-y-bebidas-con-alcohol/vino-tinto/p/269522,https://www.dia.es/product_images/269522/269522_ISO_0_ES.jpg?imwidth=392,"6,29 €",Grasas 0g de las cuales saturadas 0g Hidratos de Carbono 0g de los cuales azúcares 0g Proteínas 0g Sal 0g,No disponible,"(8,39 €/LITRO)"
Vino tinto roble D.O. Ribera del Duero Heredad baran botella 75 cl,https://www.dia.es/cervezas-vinos-y-bebidas-con-alcohol/vino-tinto/p/269521,https://www.dia.es/product_images/269521/269521_ISO_0_ES.jpg?imwidth=392,"4,95 €",Grasas 0g de las cuales saturadas 0g Hidratos de Carbono 0g de los cuales azúcares 0g Proteínas 0g Sal 0g,No disponible,"(6,60 €/LITRO)"
Vino tinto reserva D.O. Cariñena Geraldino botella 75 cl,https://www.dia.es/cervezas-vinos-y-bebidas-con-alcohol/vino-tinto/p/267781,https://www.dia.es/product_images/267781/267781_ISO_0_ES.jpg?imwidth=392,"2,79 €",Grasas 0g de las cuales saturadas 0g Hidratos de Carbono 24g de los cuales azúcares 1g Proteínas 2g Sal 2g,No disponible,"(3,72 €/LITRO)"
Vino tinto crianza D.O. Cariñena Geraldino botella 75 cl,https://www.dia.es/cervezas-vinos-y-bebidas-con-alcohol/vino-tinto/p/267780,https://www.dia.es/product_images/267780/267780_ISO_0_ES.jpg?imwidth=392,"2,19 €",Grasas 0g de las cuales saturadas 0g Hidratos de Carbono 23g de los cuales azúcares 1g Proteínas 2g Sal 3g,No disponible,"(2,92 €/LITRO)"
Vino tinto reserva D.O. La Mancha Ribera de AlgoD.O.r botella 75 cl,https://www.dia.es/cervezas-vinos-y-bebidas-con-alcohol/vino-tinto/p/267009,https://www.dia.es/product_images/267009/267009_ISO_0_ES.jpg?imwidth=392,"2,29 €",Grasas 0g de las cuales saturadas 0g Hidratos de Carbono 0g de los cuales azúcares 0g Proteínas 0g Sal 0g,No disponible,"(3,05 €/LITRO)"
Vino tinto tempranillo Abstractio botella 75 cl,https://www.dia.es/cervezas-vinos-y-bebidas-con-alcohol/vino-tinto/p/267006,https://www.dia.es/product_images/267006/267006_ISO_0_ES.jpg?imwidth=392,"2,85 €",Grasas 0g de las cuales saturadas 0g Hidratos de Carbono 1.8g de los cuales azúcares 1.8g Proteínas 0g Sal 0.01g,No disponible,"(3,80 €/LITRO)"
Vino tinto roble D.O. Somontano Cepa ineo botella 75 cl,https://www.dia.es/cervezas-vinos-y-bebidas-con-alcohol/vino-tinto/p/266080,https://www.dia.es/product_images/266080/266080_ISO_0_ES.jpg?imwidth=392,"3,99 €",Grasas 0.1g de las cuales saturadas 0.1g Hidratos de Carbono 2.4g de los cuales azúcares 0.28g Proteínas 0.2g Sal 0g,No disponible,"(5,32 €/LITRO)"
Vino tinto crianza D.O. Utiel Requena MiranD.O.li botella 75 cl,https://www.dia.es/cervezas-vinos-y-bebidas-con-alcohol/vino-tinto/p/266000,https://www.dia.es/product_images/266000/266000_ISO_0_ES.jpg?imwidth=392,"1,99 €",Grasas 0g de las cuales saturadas 0g Hidratos de Carbono 0.3g de los cuales azúcares 0.2g Proteínas 0.1g Sal 0.3g,No disponible,"(2,65 €/LITRO)"
Vino tinto tempranillo syrah Pinta en Copas botella 75 cl,https://www.dia.es/cervezas-vinos-y-bebidas-con-alcohol/vino-tinto/p/265818,https://www.dia.es/product_images/265818/265818_ISO_0_ES.jpg?imwidth=392,"1,99 €",Grasas 0g de las cuales saturadas 0g Hidratos de Carbono 3g de los cuales azúcares 2g Proteínas 0g Sal 0g,No disponible,"(2,65 €/LITRO)"
Vino tinto reserva D.O. Ribera del Duero Arco del Sol botella 75 cl,https://www.dia.es/cervezas-vinos-y-bebidas-con-alcohol/vino-tinto/p/263702,https://www.dia.es/product_images/263702/263702_ISO_0_ES.jpg?imwidth=392,"5,99 €",Grasas 0g de las cuales saturadas 0g Hidratos de Carbono 0g de los cuales azúcares 0g Proteínas 0g Sal 0g,No disponible,"(7,99 €/LITRO)"
Vino tinto crianza D.O. Ribera del Duero Arco del Sol botella 75 cl,https://www.dia.es/cervezas-vinos-y-bebidas-con-alcohol/vino-tinto/p/263701,https://www.dia.es/product_images/263701/263701_ISO_0_ES.jpg?imwidth=392,"4,49 €",Grasas 0g de las cuales saturadas 0g Hidratos de Carbono 0g de los cuales azúcares 0g Proteínas 0g Sal 0g,No disponible,"(5,99 €/LITRO)"
Vino tinto reserva D.O. Rioja Castillo de Haro botella 75 cl,https://www.dia.es/cervezas-vinos-y-bebidas-con-alcohol/vino-tinto/p/263404,https://www.dia.es/product_images/263404/263404_ISO_0_ES.jpg?imwidth=392,"6,99 €",Grasas 0g de las cuales saturadas 0g Hidratos de Carbono 3g de los cuales azúcares 0g Proteínas 0g Sal 0g,No disponible,"(9,32 €/LITRO)"
Vino tinto crianza D.O. Rioja Castillo de Haro botella 75 cl,https://www.dia.es/cervezas-vinos-y-bebidas-con-alcohol/vino-tinto/p/263403,https://www.dia.es/product_images/263403/263403_ISO_0_ES.jpg?imwidth=392,"4,29 €",Grasas 0g de las cuales saturadas 0g Hidratos de Carbono 2g de los cuales azúcares 0g Proteínas 0g Sal 0g,No disponible,"(5,72 €/LITRO)"
Vino tinto joven madurado D.O. Rioja Castillo de Haro botella 75 cl,https://www.dia.es/cervezas-vinos-y-bebidas-con-alcohol/vino-tinto/p/263402,https://www.dia.es/product_images/263402/263402_ISO_0_ES.jpg?imwidth=392,"3,99 €",Grasas 0g de las cuales saturadas 0g Hidratos de Carbono 2g de los cuales azúcares 0g Proteínas 0g Sal 0g,No disponible,"(5,32 €/LITRO)"
Vino tinto D.O. Cádiz Finca Moncloa botella 75 cl,https://www.dia.es/cervezas-vinos-y-bebidas-con-alcohol/vino-tinto/p/246912,https://www.dia.es/product_images/246912/246912_ISO_0_ES.jpg?imwidth=392,"16,25 €",Grasas 0g de las cuales saturadas 0g Hidratos de Carbono 3.1g de los cuales azúcares 0.08g Proteínas 0.1g Sal 0g,No disponible,"(21,67 €/LITRO)"
Vino tinto D.O. Ribera del Duero 409 botella 75 cl,https://www.dia.es/cervezas-vinos-y-bebidas-con-alcohol/vino-tinto/p/240236,https://www.dia.es/product_images/240236/240236_ISO_0_ES.jpg?imwidth=392,"7,99 €",No disponible,No disponible,"(10,65 €/LITRO)"
Vino tinto Mayor de Castilla botella 75 cl,https://www.dia.es/cervezas-vinos-y-bebidas-con-alcohol/vino-tinto/p/239843,https://www.dia.es/product_images/239843/239843_ISO_0_ES.jpg?imwidth=392,"2,40 €",No disponible,No disponible,"(3,20 €/LITRO)"
Vino tinto merlot Señorío de Ayerbe botella 75 cl,https://www.dia.es/cervezas-vinos-y-bebidas-con-alcohol/vino-tinto/p/222274,https://www.dia.es/product_images/222274/222274_ISO_0_ES.jpg?imwidth=392,"2,85 €",Grasas 0g de las cuales saturadas 0g Hidratos de Carbono 1.4g de los cuales azúcares 1.4g Proteínas 0g Sal 0.01g,No disponible,"(3,80 €/LITRO)"
Vino tinto sirah Señorío de Ayerbe botella 75 cl,https://www.dia.es/cervezas-vinos-y-bebidas-con-alcohol/vino-tinto/p/222272,https://www.dia.es/product_images/222272/222272_ISO_0_ES.jpg?imwidth=392,"2,85 €",Grasas 0g de las cuales saturadas 0g Hidratos de Carbono 1.8g de los cuales azúcares 1.8g Proteínas 0g Sal 0g,No disponible,"(3,80 €/LITRO)"
Vino tinto crianza D.O. Castilla La Mancha Ribera de AlgoD.O.r botella 75 cl,https://www.dia.es/cervezas-vinos-y-bebidas-con-alcohol/vino-tinto/p/222265,https://www.dia.es/product_images/222265/222265_ISO_0_ES.jpg?imwidth=392,"1,65 €",Grasas 0.1g de las cuales saturadas 0.1g Hidratos de Carbono 3g de los cuales azúcares 0.25g Proteínas 0.2g Sal 0g,No disponible,"(2,20 €/LITRO)"
Vino tinto gran reserva D.O. Rioja Señorío de Ondas botella 75 cl,https://www.dia.es/cervezas-vinos-y-bebidas-con-alcohol/vino-tinto/p/222263,https://www.dia.es/product_images/222263/222263_ISO_0_ES.jpg?imwidth=392,"6,29 €",No disponible,No disponible,"(8,39 €/LITRO)"
Vino tinto D.O. Rioja Beronia botella 75 cl,https://www.dia.es/cervezas-vinos-y-bebidas-con-alcohol/vino-tinto/p/221712,https://www.dia.es/product_images/221712/221712_ISO_0_ES.jpg?imwidth=392,"16,25 €",Grasas 0g de las cuales saturadas 0g Hidratos de Carbono 0.2g de los cuales azúcares 0.2g Proteínas 0g Sal 0g,No disponible,"(21,67 €/LITRO)"
Vino tinto D.O. Ribera del Duero Celeste botella 75 cl,https://www.dia.es/cervezas-vinos-y-bebidas-con-alcohol/vino-tinto/p/220109,https://www.dia.es/product_images/220109/220109_ISO_0_ES.jpg?imwidth=392,"9,35 €",No disponible,No disponible,"(12,47 €/LITRO)"
Vino tinto de la tierra de Castila Berberana botella 75 cl,https://www.dia.es/cervezas-vinos-y-bebidas-con-alcohol/vino-tinto/p/21879,https://www.dia.es/product_images/21879/21879_ISO_0_ES.jpg?imwidth=392,"4,89 €",No disponible,No disponible,"(6,52 €/LITRO)"
Vino tinto D.O. Penedés Solell de Flix botella 75 cl,https://www.dia.es/cervezas-vinos-y-bebidas-con-alcohol/vino-tinto/p/21336,https://www.dia.es/product_images/21336/21336_ISO_0_ES.jpg?imwidth=392,"1,99 €",Grasas 0g de las cuales saturadas 0g Hidratos de Carbono 0g de los cuales azúcares 0g Proteínas 0g Sal 0g,No disponible,"(2,65 €/LITRO)"
Vino tinto reserva D.O. Rioja Viña Pomal botella 75 cl,https://www.dia.es/cervezas-vinos-y-bebidas-con-alcohol/vino-tinto/p/205319,https://www.dia.es/product_images/205319/205319_ISO_0_ES.jpg?imwidth=392,"14,95 €",No disponible,No disponible,"(19,93 €/LITRO)"
Vino tinto crianza D.O. Rioja Glorioso botella 75 cl,https://www.dia.es/cervezas-vinos-y-bebidas-con-alcohol/vino-tinto/p/187106,https://www.dia.es/product_images/187106/187106_ISO_0_ES.jpg?imwidth=392,"7,95 €",No disponible,No disponible,"(10,60 €/LITRO)"
Vino tinto crianza D.O. Ribera del Duero Matarromera botella 75 cl,https://www.dia.es/cervezas-vinos-y-bebidas-con-alcohol/vino-tinto/p/187085,https://www.dia.es/product_images/187085/187085_ISO_0_ES.jpg?imwidth=392,"24,55 €",No disponible,No disponible,"(32,73 €/LITRO)"
Vino tinto roble D.O. Ribera del Duero Ribera del Duero botella 75 cl,https://www.dia.es/cervezas-vinos-y-bebidas-con-alcohol/vino-tinto/p/187084,https://www.dia.es/product_images/187084/187084_ISO_0_ES.jpg?imwidth=392,"9,65 €",No disponible,No disponible,"(12,87 €/LITRO)"
Vino tinto D.O. Toro Bajoz botella 75 cl,https://www.dia.es/cervezas-vinos-y-bebidas-con-alcohol/vino-tinto/p/186009,https://www.dia.es/product_images/186009/186009_ISO_0_ES.jpg?imwidth=392,"3,99 €",No disponible,No disponible,"(5,32 €/LITRO)"
Vino tinto gran reserva D.O. Rioja Faustino botella 75 cl,https://www.dia.es/cervezas-vinos-y-bebidas-con-alcohol/vino-tinto/p/185547,https://www.dia.es/product_images/185547/185547_ISO_0_ES.jpg?imwidth=392,"19,99 €",No disponible,No disponible,"(26,65 €/LITRO)"
Vino tinto crianza D.O. Rioja Azpilicueta botella 75 cl,https://www.dia.es/cervezas-vinos-y-bebidas-con-alcohol/vino-tinto/p/178251,https://www.dia.es/product_images/178251/178251_ISO_0_ES.jpg?imwidth=392,"8,75 €",No disponible,No disponible,"(11,67 €/LITRO)"
Vino tinto roble D.O. Ribera del Duero Legaris botella 75 cl,https://www.dia.es/cervezas-vinos-y-bebidas-con-alcohol/vino-tinto/p/177319,https://www.dia.es/product_images/177319/177319_ISO_0_ES.jpg?imwidth=392,"8,95 €",No disponible,No disponible,"(11,93 €/LITRO)"
Vino tinto crianza D.O. Ribera del Duero Protos botella 75 cl,https://www.dia.es/cervezas-vinos-y-bebidas-con-alcohol/vino-tinto/p/176704,https://www.dia.es/product_images/176704/176704_ISO_0_ES.jpg?imwidth=392,"19,95 €",No disponible,No disponible,"(26,60 €/LITRO)"
Vino tinto crianza D.O. Valdepeñas Señorío de Los Llanos botella 75 cl,https://www.dia.es/cervezas-vinos-y-bebidas-con-alcohol/vino-tinto/p/16810,https://www.dia.es/product_images/16810/16810_ISO_0_ES.jpg?imwidth=392,"2,99 €",No disponible,No disponible,"(3,99 €/LITRO)"
Vino tinto reserva D.O. Ribera del Duero Altos del Tamarón botella 75 cl,https://www.dia.es/cervezas-vinos-y-bebidas-con-alcohol/vino-tinto/p/138540,https://www.dia.es/product_images/138540/138540_ISO_0_ES.jpg?imwidth=392,"8,99 €",No disponible,No disponible,"(11,99 €/LITRO)"
Vino tinto joven D.O. Rioja Faustino Rivero botella 75 cl,https://www.dia.es/cervezas-vinos-y-bebidas-con-alcohol/vino-tinto/p/137102,https://www.dia.es/product_images/137102/137102_ISO_0_ES.jpg?imwidth=392,"2,99 €",No disponible,No disponible,"(3,99 €/LITRO)"
Vino tinto 12 meses banda azul D.O. Rioja Federico Paternina botella 75 cl,https://www.dia.es/cervezas-vinos-y-bebidas-con-alcohol/vino-tinto/p/137100,https://www.dia.es/product_images/137100/137100_ISO_0_ES.jpg?imwidth=392,"6,79 €",No disponible,No disponible,"(9,05 €/LITRO)"
Vino tinto reserva D.O. Rioja Coto de Imaz botella 75 cl,https://www.dia.es/cervezas-vinos-y-bebidas-con-alcohol/vino-tinto/p/134741,https://www.dia.es/product_images/134741/134741_ISO_0_ES.jpg?imwidth=392,"8,60 €",No disponible,No disponible,"(11,47 €/LITRO)"
Vino tinto D.O. Campo de Borja Borsao botella 75 cl,https://www.dia.es/cervezas-vinos-y-bebidas-con-alcohol/vino-tinto/p/132859,https://www.dia.es/product_images/132859/132859_ISO_0_ES.jpg?imwidth=392,"2,99 €",Grasas 0g de las cuales saturadas 0g Hidratos de Carbono 2.6g de los cuales azúcares 0.16g Proteínas 0.1g Sal 0.01g,No disponible,"(3,99 €/LITRO)"
Vino tinto D.O. Rioja Señorío de Ondas botella 75 cl,https://www.dia.es/cervezas-vinos-y-bebidas-con-alcohol/vino-tinto/p/13244,https://www.dia.es/product_images/13244/13244_ISO_0_ES.jpg?imwidth=392,"2,45 €",Grasas 0g de las cuales saturadas 0g Hidratos de Carbono 2g de los cuales azúcares 0g Proteínas 0g Sal 0g,No disponible,"(3,27 €/LITRO)"
Vino tinto D.O. Navarra Viña Ardanche botella 75 cl,https://www.dia.es/cervezas-vinos-y-bebidas-con-alcohol/vino-tinto/p/13034,https://www.dia.es/product_images/13034/13034_ISO_0_ES.jpg?imwidth=392,"1,99 €",Grasas 0g de las cuales saturadas 0g Hidratos de Carbono 2g de los cuales azúcares 0g Proteínas 0g Sal 0g,No disponible,"(2,65 €/LITRO)"
Vino tinto Castillo de Velasco botella 75 cl,https://www.dia.es/cervezas-vinos-y-bebidas-con-alcohol/vino-tinto/p/12930,https://www.dia.es/product_images/12930/12930_ISO_0_ES.jpg?imwidth=392,"1,00 €",Grasas 0.5g de las cuales saturadas 0.05g Hidratos de Carbono 0.5g de los cuales azúcares 0.5g Proteínas 1g Sal 0.01g,No disponible,"(1,33 €/LITRO)"
Vino tinto crianza D.O. Rioja Marqués de Caceres botella 75 cl,https://www.dia.es/cervezas-vinos-y-bebidas-con-alcohol/vino-tinto/p/125351,https://www.dia.es/product_images/125351/125351_ISO_0_ES.jpg?imwidth=392,"7,25 €",No disponible,No disponible,"(9,67 €/LITRO)"
Vino tinto CVC D.O. Rioja Campo viejo botella 75 cl,https://www.dia.es/cervezas-vinos-y-bebidas-con-alcohol/vino-tinto/p/124657,https://www.dia.es/product_images/124657/124657_ISO_0_ES.jpg?imwidth=392,"3,99 €",No disponible,No disponible,"(5,32 €/LITRO)"
Vino tinto D.O. Toro Bajoz botella 75 cl,https://www.dia.es/cervezas-vinos-y-bebidas-con-alcohol/vino-tinto/p/115330,https://www.dia.es/product_images/115330/115330_ISO_0_ES.jpg?imwidth=392,"3,09 €",No disponible,No disponible,"(4,12 €/LITRO)"
Vino tinto crianza D.O. Rioja Antaño botella 75 cl,https://www.dia.es/cervezas-vinos-y-bebidas-con-alcohol/vino-tinto/p/114429,https://www.dia.es/product_images/114429/114429_ISO_0_ES.jpg?imwidth=392,"4,99 €",No disponible,No disponible,"(6,65 €/LITRO)"
Vino tinto roble D.O. Ribera del Duero Mayor de Castilla botella 75 cl,https://www.dia.es/cervezas-vinos-y-bebidas-con-alcohol/vino-tinto/p/114428,https://www.dia.es/product_images/114428/114428_ISO_0_ES.jpg?imwidth=392,"6,00 €",No disponible,No disponible,"(8,00 €/LITRO)"
Vino tinto crianza D.O. Rioja Faustino Rivero botella 75 cl,https://www.dia.es/cervezas-vinos-y-bebidas-con-alcohol/vino-tinto/p/108145,https://www.dia.es/product_images/108145/108145_ISO_0_ES.jpg?imwidth=392,"5,75 €",No disponible,No disponible,"(7,67 €/LITRO)"
Vino tinto D.O. Rioja Castillo de Albai botella 75 cl,https://www.dia.es/cervezas-vinos-y-bebidas-con-alcohol/vino-tinto/p/103843,https://www.dia.es/product_images/103843/103843_ISO_0_ES.jpg?imwidth=392,"2,99 €",No disponible,No disponible,"(3,99 €/LITRO)"
Vino tinto D.O. Cataluña Sangre de Toro botella 75 cl,https://www.dia.es/cervezas-vinos-y-bebidas-con-alcohol/vino-tinto/p/102934,https://www.dia.es/product_images/102934/102934_ISO_0_ES.jpg?imwidth=392,"4,90 €",No disponible,No disponible,"(6,53 €/LITRO)"
Vino blanco D.O. Valdepeñas Viña Danza botella 75 cl,https://www.dia.es/cervezas-vinos-y-bebidas-con-alcohol/vino-blanco/p/263597,https://www.dia.es/product_images/263597/263597_ISO_0_ES.jpg?imwidth=392,"1,69 €",Grasas 0g de las cuales saturadas 0g Hidratos de Carbono 0g de los cuales azúcares 0g Proteínas 0g Sal 0g,No disponible,"(2,25 €/LITRO)"
Vino blanco sauvignon D.O. Rueda Rioseco botella 75 cl,https://www.dia.es/cervezas-vinos-y-bebidas-con-alcohol/vino-blanco/p/265816,https://www.dia.es/product_images/265816/265816_ISO_0_ES.jpg?imwidth=392,"4,49 €",Grasas 0g de las cuales saturadas 0g Hidratos de Carbono 3g de los cuales azúcares 0g Proteínas 0g Sal 0g,No disponible,"(5,99 €/LITRO)"
Vino blanco D.O. Ribeiro Mourama botella 75 cl,https://www.dia.es/cervezas-vinos-y-bebidas-con-alcohol/vino-blanco/p/272361,https://www.dia.es/product_images/272361/272361_ISO_0_ES.jpg?imwidth=392,"5,49 €",Grasas 0.1g de las cuales saturadas 0.1g Hidratos de Carbono 1.7g de los cuales azúcares 0.18g Proteínas 0.2g Sal 0.01g,No disponible,"(7,32 €/LITRO)"
Vino blanco godello D.O. Monterrei Mourama botella 75 cl,https://www.dia.es/cervezas-vinos-y-bebidas-con-alcohol/vino-blanco/p/272360,https://www.dia.es/product_images/272360/272360_ISO_0_ES.jpg?imwidth=392,"6,49 €",Grasas 0.1g de las cuales saturadas 0.1g Hidratos de Carbono 1.8g de los cuales azúcares 0.31g Proteínas 0.6g Sal 0.01g,No disponible,"(8,65 €/LITRO)"
Vino blanco Castillo de Velasco brik 1 l,https://www.dia.es/cervezas-vinos-y-bebidas-con-alcohol/vino-blanco/p/112888,https://www.dia.es/product_images/112888/112888_ISO_0_ES.jpg?imwidth=392,"1,05 €",Grasas 0.5g de las cuales saturadas 0.1g Hidratos de Carbono 0.5g de los cuales azúcares 0.5g Proteínas 1g Sal 0.01g,No disponible,"(1,05 €/LITRO)"
Vino blanco verdejo frizzante Condominium botella 75 cl,https://www.dia.es/cervezas-vinos-y-bebidas-con-alcohol/vino-blanco/p/208412,https://www.dia.es/product_images/208412/208412_ISO_0_ES.jpg?imwidth=392,"2,35 €",Grasas 0g de las cuales saturadas 0g Hidratos de Carbono 7g de los cuales azúcares 6.9g Proteínas 0.1g Sal 0.1g,No disponible,"(3,13 €/LITRO)"
Vino blanco verdejo D.O. Rueda Veliterra botella 75 cl,https://www.dia.es/cervezas-vinos-y-bebidas-con-alcohol/vino-blanco/p/187127,https://www.dia.es/product_images/187127/187127_ISO_0_ES.jpg?imwidth=392,"2,66 €",Grasas 0.1g de las cuales saturadas 0g Hidratos de Carbono 1.6g de los cuales azúcares 0.05g Proteínas 0.1g Sal 0.01g,No disponible,"(3,55 €/LITRO)"
Vino blanco verdejo viura D.O. Rueda Vega del Báron botella 75 cl,https://www.dia.es/cervezas-vinos-y-bebidas-con-alcohol/vino-blanco/p/26585,https://www.dia.es/product_images/26585/26585_ISO_0_ES.jpg?imwidth=392,"1,90 €",Grasas 0.1g de las cuales saturadas 0g Hidratos de Carbono 1.6g de los cuales azúcares 0.05g Proteínas 0.1g Sal 0.01g,No disponible,"(2,53 €/LITRO)"
Vino blanco verdejo D.O. Rueda Vega del Báron botella 75 cl,https://www.dia.es/cervezas-vinos-y-bebidas-con-alcohol/vino-blanco/p/127644,https://www.dia.es/product_images/127644/127644_ISO_0_ES.jpg?imwidth=392,"2,09 €",Grasas 0.1g de las cuales saturadas 0g Hidratos de Carbono 1.6g de los cuales azúcares 0.05g Proteínas 0.1g Sal 0.01g,No disponible,"(2,79 €/LITRO)"
Vino blanco Don Simón brik 3 x 18.7 cl,https://www.dia.es/cervezas-vinos-y-bebidas-con-alcohol/vino-blanco/p/247002,https://www.dia.es/product_images/247002/247002_ISO_0_ES.jpg?imwidth=392,"1,50 €",No disponible,No disponible,"(2,67 €/LITRO)"
Vino blanco semidulce D.O. Rioja Diamante botella 75 cl,https://www.dia.es/cervezas-vinos-y-bebidas-con-alcohol/vino-blanco/p/70959,https://www.dia.es/product_images/70959/70959_ISO_0_ES.jpg?imwidth=392,"4,30 €",No disponible,No disponible,"(5,73 €/LITRO)"
Vino blanco Don Simón brik 1 l,https://www.dia.es/cervezas-vinos-y-bebidas-con-alcohol/vino-blanco/p/154918,https://www.dia.es/product_images/154918/154918_ISO_0_ES.jpg?imwidth=392,"1,60 €",No disponible,No disponible,"(1,60 €/LITRO)"
Vino blanco suave y afrutado Oceanus botella 75 cl,https://www.dia.es/cervezas-vinos-y-bebidas-con-alcohol/vino-blanco/p/265817,https://www.dia.es/product_images/265817/265817_ISO_0_ES.jpg?imwidth=392,"1,95 €",Grasas 0g de las cuales saturadas 0g Hidratos de Carbono 4g de los cuales azúcares 2g Proteínas 0g Sal 0g,No disponible,"(2,60 €/LITRO)"
Vino blue frizzante 7º Condominium botella 75 cl,https://www.dia.es/cervezas-vinos-y-bebidas-con-alcohol/vino-blanco/p/265825,https://www.dia.es/product_images/265825/265825_ISO_0_ES.jpg?imwidth=392,"2,49 €",No disponible,No disponible,"(3,32 €/LITRO)"
Vino blanco semidulce D.O. Rioja Señorío de Ondas botella 75 cl,https://www.dia.es/cervezas-vinos-y-bebidas-con-alcohol/vino-blanco/p/77654,https://www.dia.es/product_images/77654/77654_ISO_0_ES.jpg?imwidth=392,"2,99 €",Grasas 0g de las cuales saturadas 0g Hidratos de Carbono 4g de los cuales azúcares 1.8g Proteínas 0g Sal 0g,No disponible,"(3,99 €/LITRO)"
Vino blanco Castillo de Velasco botella 75 cl,https://www.dia.es/cervezas-vinos-y-bebidas-con-alcohol/vino-blanco/p/12931,https://www.dia.es/product_images/12931/12931_ISO_0_ES.jpg?imwidth=392,"1,39 €",Grasas 0.5g de las cuales saturadas 0.05g Hidratos de Carbono 0.5g de los cuales azúcares 0.5g Proteínas 1g Sal 0.01g,No disponible,"(1,85 €/LITRO)"
Vino blanco chardonnay D.O. Navarra Viña Ardanche botella 75 cl,https://www.dia.es/cervezas-vinos-y-bebidas-con-alcohol/vino-blanco/p/265216,https://www.dia.es/product_images/265216/265216_ISO_0_ES.jpg?imwidth=392,"2,45 €",Grasas 0g de las cuales saturadas 0g Hidratos de Carbono 0g de los cuales azúcares 0g Proteínas 0g Sal 0g,No disponible,"(3,27 €/LITRO)"
Vino blanco frizzante 5º Condominium botella 75 cl,https://www.dia.es/cervezas-vinos-y-bebidas-con-alcohol/vino-blanco/p/265826,https://www.dia.es/product_images/265826/265826_ISO_0_ES.jpg?imwidth=392,"2,49 €",No disponible,No disponible,"(3,32 €/LITRO)"
Vino blanco Castillo de Velasco garrafa 2 l,https://www.dia.es/cervezas-vinos-y-bebidas-con-alcohol/vino-blanco/p/79739,https://www.dia.es/product_images/79739/79739_ISO_0_ES.jpg?imwidth=392,"2,70 €",Grasas 0.5g de las cuales saturadas 0.05g Hidratos de Carbono 0.5g de los cuales azúcares 0.5g Proteínas 1g Sal 0.01g,No disponible,"(1,35 €/LITRO)"
Vino fino D.O. Montilla Moriles Singular botella 75 cl,https://www.dia.es/cervezas-vinos-y-bebidas-con-alcohol/vino-blanco/p/103230,https://www.dia.es/product_images/103230/103230_ISO_0_ES.jpg?imwidth=392,"2,85 €",Grasas 0g de las cuales saturadas 0g Hidratos de Carbono 0.2g de los cuales azúcares 0.2g Proteínas 0g Sal 4.2g,No disponible,"(3,80 €/LITRO)"
Vino blanco Cumbre de Gredos brik 1 l,https://www.dia.es/cervezas-vinos-y-bebidas-con-alcohol/vino-blanco/p/716,https://www.dia.es/product_images/716/716_ISO_0_ES.jpg?imwidth=392,"1,69 €",No disponible,No disponible,"(1,69 €/LITRO)"
Vino blanco verdejo D.O. Valdepeñas  Molinos botella 75 cl,https://www.dia.es/cervezas-vinos-y-bebidas-con-alcohol/vino-blanco/p/712,https://www.dia.es/product_images/712/712_ISO_0_ES.jpg?imwidth=392,"1,85 €",No disponible,No disponible,"(2,47 €/LITRO)"
Vino blanco semidulce D.O. Penedés Bach botella 75 cl,https://www.dia.es/cervezas-vinos-y-bebidas-con-alcohol/vino-blanco/p/59365,https://www.dia.es/product_images/59365/59365_ISO_0_ES.jpg?imwidth=392,"4,95 €",No disponible,No disponible,"(6,60 €/LITRO)"
Vino fino seco D.O. Jerez Tío Pepe botella 75 cl,https://www.dia.es/cervezas-vinos-y-bebidas-con-alcohol/vino-blanco/p/55338,https://www.dia.es/product_images/55338/55338_ISO_0_ES.jpg?imwidth=392,"7,30 €",Grasas 0g de las cuales saturadas 0g Hidratos de Carbono 0.05g de los cuales azúcares 0.05g Proteínas 0g Sal 0g,No disponible,"(9,73 €/LITRO)"
Vino blanco D.O. Rueda Blume botella 75 cl,https://www.dia.es/cervezas-vinos-y-bebidas-con-alcohol/vino-blanco/p/46217,https://www.dia.es/product_images/46217/46217_ISO_0_ES.jpg?imwidth=392,"5,25 €",No disponible,No disponible,"(7,00 €/LITRO)"
Vino blanco D.O. Rioja López de Haro botella 75 cl,https://www.dia.es/cervezas-vinos-y-bebidas-con-alcohol/vino-blanco/p/303633,https://www.dia.es/product_images/303633/303633_ISO_0_ES.jpg?imwidth=392,"4,49 €",No disponible,No disponible,"(5,99 €/LITRO)"
Vino blanco D.O. Rueda Verdejo Valderivero botella 75 cl,https://www.dia.es/cervezas-vinos-y-bebidas-con-alcohol/vino-blanco/p/303093,https://www.dia.es/product_images/303093/303093_ISO_0_ES.jpg?imwidth=392,"3,95 €",No disponible,No disponible,"(5,27 €/LITRO)"
Vino blanco Riesling Crysard botella 75 cl,https://www.dia.es/cervezas-vinos-y-bebidas-con-alcohol/vino-blanco/p/303021,https://www.dia.es/product_images/303021/303021_ISO_0_ES.jpg?imwidth=392,"3,49 €",No disponible,No disponible,"(4,65 €/LITRO)"
Vino blanco semidulce D.O. Rioja Faustino Rivero botella 75 cl,https://www.dia.es/cervezas-vinos-y-bebidas-con-alcohol/vino-blanco/p/302119,https://www.dia.es/product_images/302119/302119_ISO_0_ES.jpg?imwidth=392,"4,49 €",No disponible,No disponible,"(5,99 €/LITRO)"
Vino blanco tempranillo D.O. Rioja Castillo de Haro botella 75 cl,https://www.dia.es/cervezas-vinos-y-bebidas-con-alcohol/vino-blanco/p/297270,https://www.dia.es/product_images/297270/297270_ISO_0_ES.jpg?imwidth=392,"3,49 €",Grasas 0g de las cuales saturadas 0g Hidratos de Carbono 1g de los cuales azúcares 0.2g Proteínas 0.2g Sal 0g,No disponible,"(4,65 €/LITRO)"
Vino blanco treixadura D.O. Ribeiro Gran leiriña botella 75 cl,https://www.dia.es/cervezas-vinos-y-bebidas-con-alcohol/vino-blanco/p/284190,https://www.dia.es/product_images/284190/284190_ISO_0_ES.jpg?imwidth=392,"11,00 €",No disponible,No disponible,"(14,67 €/LITRO)"
Vino blanco D.O. Madrid Puerta de Alcalá botella 75 cl,https://www.dia.es/cervezas-vinos-y-bebidas-con-alcohol/vino-blanco/p/275400,https://www.dia.es/product_images/275400/275400_ISO_0_ES.jpg?imwidth=392,"3,75 €",No disponible,No disponible,"(5,00 €/LITRO)"
Vino blanco D.O. Rías Baixas Serantello botella 75 cl,https://www.dia.es/cervezas-vinos-y-bebidas-con-alcohol/vino-blanco/p/275396,https://www.dia.es/product_images/275396/275396_ISO_0_ES.jpg?imwidth=392,"7,45 €",Grasas 0.1g de las cuales saturadas 0.1g Hidratos de Carbono 1.8g de los cuales azúcares 0.19g Proteínas 0.4g Sal 0.01g,No disponible,"(9,93 €/LITRO)"
Vino blanco txakoli D.O. getariako txacolina Ameztoi botella 75 cl,https://www.dia.es/cervezas-vinos-y-bebidas-con-alcohol/vino-blanco/p/275393,https://www.dia.es/product_images/275393/275393_ISO_0_ES.jpg?imwidth=392,"8,19 €",Grasas 0.1g de las cuales saturadas 0.1g Hidratos de Carbono 2.6g de los cuales azúcares 0.06g Proteínas 0.2g Sal 0g,No disponible,"(10,92 €/LITRO)"
Vino blanco Dulce María botella 75 cl,https://www.dia.es/cervezas-vinos-y-bebidas-con-alcohol/vino-blanco/p/275283,https://www.dia.es/product_images/275283/275283_ISO_0_ES.jpg?imwidth=392,"3,89 €",Grasas 0g de las cuales saturadas 0g Hidratos de Carbono 10g de los cuales azúcares 8g Proteínas 0g Sal 3.1g,No disponible,"(5,19 €/LITRO)"
Vino blanco Habla de ti botella 75 cl,https://www.dia.es/cervezas-vinos-y-bebidas-con-alcohol/vino-blanco/p/275278,https://www.dia.es/product_images/275278/275278_ISO_0_ES.jpg?imwidth=392,"10,29 €",No disponible,No disponible,"(13,72 €/LITRO)"
Vino de cocina D.O. Montilla-Moriles Castillo de Velasco botella 75 cl,https://www.dia.es/cervezas-vinos-y-bebidas-con-alcohol/vino-blanco/p/275266,https://www.dia.es/product_images/275266/275266_ISO_0_ES.jpg?imwidth=392,"2,35 €",Grasas 0g de las cuales saturadas 0g Hidratos de Carbono 0.08g de los cuales azúcares 0.08g Proteínas 0g Sal 2.5g,No disponible,"(3,13 €/LITRO)"
Vino blanco albariño D.O. Rías Baixas Mourama botella 75 cl,https://www.dia.es/cervezas-vinos-y-bebidas-con-alcohol/vino-blanco/p/272359,https://www.dia.es/product_images/272359/272359_ISO_0_ES.jpg?imwidth=392,"8,49 €",Grasas 0g de las cuales saturadas 0g Hidratos de Carbono 1.8g de los cuales azúcares 0.09g Proteínas 0.3g Sal 0g,No disponible,"(11,32 €/LITRO)"
Vino blanco albariño D.O. rías baixas Viña Balcis botella 75 cl,https://www.dia.es/cervezas-vinos-y-bebidas-con-alcohol/vino-blanco/p/272358,https://www.dia.es/product_images/272358/272358_ISO_0_ES.jpg?imwidth=392,"6,99 €",Grasas 0g de las cuales saturadas 0g,No disponible,"(9,32 €/LITRO)"
Vino blanco afrutado Faustino Rivero botella 75 cl,https://www.dia.es/cervezas-vinos-y-bebidas-con-alcohol/vino-blanco/p/266350,https://www.dia.es/product_images/266350/266350_ISO_0_ES.jpg?imwidth=392,"4,25 €",No disponible,No disponible,"(5,67 €/LITRO)"
Vino blanco viura-sauvignon Pinta en Copas botella 75 cl,https://www.dia.es/cervezas-vinos-y-bebidas-con-alcohol/vino-blanco/p/265819,https://www.dia.es/product_images/265819/265819_ISO_0_ES.jpg?imwidth=392,"1,99 €",Grasas 0g de las cuales saturadas 0g Hidratos de Carbono 3g de los cuales azúcares 2g Proteínas 0g Sal 0g,No disponible,"(2,65 €/LITRO)"
Vino blanco verdejo D.O. Rueda Rioseco botella 75 cl,https://www.dia.es/cervezas-vinos-y-bebidas-con-alcohol/vino-blanco/p/265815,https://www.dia.es/product_images/265815/265815_ISO_0_ES.jpg?imwidth=392,"4,49 €",Grasas 0g de las cuales saturadas 0g Hidratos de Carbono 0g de los cuales azúcares 0g Proteínas 0g Sal 0g,No disponible,"(5,99 €/LITRO)"
Vino blanco Pedro Ximénez D.O. Jerez Topaz botella 75 cl,https://www.dia.es/cervezas-vinos-y-bebidas-con-alcohol/vino-blanco/p/265304,https://www.dia.es/product_images/265304/265304_ISO_0_ES.jpg?imwidth=392,"8,49 €",Grasas 0g de las cuales saturadas 0g Hidratos de Carbono 12g de los cuales azúcares 12g Proteínas 0g Sal 0g,No disponible,"(11,32 €/LITRO)"
Vino frizzante verde Fizzy botella 75 cl,https://www.dia.es/cervezas-vinos-y-bebidas-con-alcohol/vino-blanco/p/265214,https://www.dia.es/product_images/265214/265214_ISO_0_ES.jpg?imwidth=392,"2,99 €",No disponible,No disponible,"(3,99 €/LITRO)"
Vino blanco D.O. Rioja Señorío de Ondas botella 75 cl,https://www.dia.es/cervezas-vinos-y-bebidas-con-alcohol/vino-blanco/p/264424,https://www.dia.es/product_images/264424/264424_ISO_0_ES.jpg?imwidth=392,"2,59 €",Grasas 0g de las cuales saturadas 0g Hidratos de Carbono 0g de los cuales azúcares 0g Proteínas 0g Sal 0g,No disponible,"(3,45 €/LITRO)"
Vino blanco albariño D.O. Rías Baixas Mar de Frades botella 75 cl,https://www.dia.es/cervezas-vinos-y-bebidas-con-alcohol/vino-blanco/p/225586,https://www.dia.es/product_images/225586/225586_ISO_0_ES.jpg?imwidth=392,"18,90 €",Grasas 0g de las cuales saturadas 0g Hidratos de Carbono 0.62g de los cuales azúcares 0.12g Proteínas 0g Sal 0g,No disponible,"(25,20 €/LITRO)"
Vino blanco verdejo D.O. Castilla Faustino Rivero botella 75 cl,https://www.dia.es/cervezas-vinos-y-bebidas-con-alcohol/vino-blanco/p/224487,https://www.dia.es/product_images/224487/224487_ISO_0_ES.jpg?imwidth=392,"4,25 €",No disponible,No disponible,"(5,67 €/LITRO)"
Vino blanco verdejo Viña Albalí botella 75 cl,https://www.dia.es/cervezas-vinos-y-bebidas-con-alcohol/vino-blanco/p/209608,https://www.dia.es/product_images/209608/209608_ISO_0_ES.jpg?imwidth=392,"3,39 €",No disponible,No disponible,"(4,52 €/LITRO)"
Vino chardonnay D.O. Castilla Señorío de Ayerbe botella 75 cl,https://www.dia.es/cervezas-vinos-y-bebidas-con-alcohol/vino-blanco/p/207808,https://www.dia.es/product_images/207808/207808_ISO_0_ES.jpg?imwidth=392,"2,59 €",Grasas 0g de las cuales saturadas 0g Hidratos de Carbono 2g de los cuales azúcares 0g Proteínas 0g Sal 0g,No disponible,"(3,45 €/LITRO)"
Vino blanco verdejo D.O. Rueda Beronia botella 75 cl,https://www.dia.es/cervezas-vinos-y-bebidas-con-alcohol/vino-blanco/p/205914,https://www.dia.es/product_images/205914/205914_ISO_0_ES.jpg?imwidth=392,"8,39 €",Grasas 0g de las cuales saturadas 0g Hidratos de Carbono 0.2g de los cuales azúcares 0.2g Proteínas 0g Sal 0g,No disponible,"(11,19 €/LITRO)"
Vino blanco de uva moscatel Geraldino botella 75 cl,https://www.dia.es/cervezas-vinos-y-bebidas-con-alcohol/vino-blanco/p/19361,https://www.dia.es/product_images/19361/19361_ISO_0_ES.jpg?imwidth=392,"3,60 €",Grasas 0.1g de las cuales saturadas 0.1g Hidratos de Carbono 20g de los cuales azúcares 18.95g Proteínas 0.3g Sal 0.01g,No disponible,"(4,80 €/LITRO)"
Vino manzanilla Muy fina botella 75 cl,https://www.dia.es/cervezas-vinos-y-bebidas-con-alcohol/vino-blanco/p/188884,https://www.dia.es/product_images/188884/188884_ISO_0_ES.jpg?imwidth=392,"4,75 €",No disponible,No disponible,"(6,33 €/LITRO)"
Vino blanco D.O. Somontano Viñas del Vero botella 75 cl,https://www.dia.es/cervezas-vinos-y-bebidas-con-alcohol/vino-blanco/p/187037,https://www.dia.es/product_images/187037/187037_ISO_0_ES.jpg?imwidth=392,"6,10 €",Grasas 0g de las cuales saturadas 0g Hidratos de Carbono 0.35g de los cuales azúcares 0.35g Proteínas 0g Sal 0g,No disponible,"(8,13 €/LITRO)"
Vino blanco verdejo D.O. Rueda Mayor de Castilla botella 75 cl,https://www.dia.es/cervezas-vinos-y-bebidas-con-alcohol/vino-blanco/p/166038,https://www.dia.es/product_images/166038/166038_ISO_0_ES.jpg?imwidth=392,"2,80 €",No disponible,No disponible,"(3,73 €/LITRO)"
Vino blanco Rioja El coto botella 75 cl,https://www.dia.es/cervezas-vinos-y-bebidas-con-alcohol/vino-blanco/p/161480,https://www.dia.es/product_images/161480/161480_ISO_0_ES.jpg?imwidth=392,"4,15 €",No disponible,No disponible,"(5,53 €/LITRO)"
Vino blanco verdejo D.O. Rueda Cvne botella 75 cl,https://www.dia.es/cervezas-vinos-y-bebidas-con-alcohol/vino-blanco/p/158173,https://www.dia.es/product_images/158173/158173_ISO_0_ES.jpg?imwidth=392,"5,95 €",Grasas 0.1g de las cuales saturadas 0.1g Hidratos de Carbono 1.6g de los cuales azúcares 0.05g Proteínas 0.1g Sal 0.01g,No disponible,"(7,93 €/LITRO)"
Vino blanco verdejo D.O. Rueda Protos botella 75 cl,https://www.dia.es/cervezas-vinos-y-bebidas-con-alcohol/vino-blanco/p/132500,https://www.dia.es/product_images/132500/132500_ISO_0_ES.jpg?imwidth=392,"7,65 €",No disponible,No disponible,"(10,20 €/LITRO)"
Vino blanco semidulce D.O. Penedés Solell de Flix botella 75 cl,https://www.dia.es/cervezas-vinos-y-bebidas-con-alcohol/vino-blanco/p/124448,https://www.dia.es/product_images/124448/124448_ISO_0_ES.jpg?imwidth=392,"2,99 €",Grasas 0g de las cuales saturadas 0g Hidratos de Carbono 2g de los cuales azúcares 2g Proteínas 0g Sal 0g,No disponible,"(3,99 €/LITRO)"
Vino blanco Pescador botella 75 cl,https://www.dia.es/cervezas-vinos-y-bebidas-con-alcohol/vino-blanco/p/119552,https://www.dia.es/product_images/119552/119552_ISO_0_ES.jpg?imwidth=392,"4,25 €",No disponible,No disponible,"(5,67 €/LITRO)"
Vino blanco verdejo D.O. Rueda Emina botella 75 cl,https://www.dia.es/cervezas-vinos-y-bebidas-con-alcohol/vino-blanco/p/119289,https://www.dia.es/product_images/119289/119289_ISO_0_ES.jpg?imwidth=392,"5,90 €",No disponible,No disponible,"(7,87 €/LITRO)"
Vino blanco de la tierra Barbadillo botella 75 cl,https://www.dia.es/cervezas-vinos-y-bebidas-con-alcohol/vino-blanco/p/111947,https://www.dia.es/product_images/111947/111947_ISO_0_ES.jpg?imwidth=392,"4,75 €",No disponible,No disponible,"(6,33 €/LITRO)"
Vino blanco verdejo D.O. Rueda Cuatro rayas botella 75 cl,https://www.dia.es/cervezas-vinos-y-bebidas-con-alcohol/vino-blanco/p/105588,https://www.dia.es/product_images/105588/105588_ISO_0_ES.jpg?imwidth=392,"5,29 €",Grasas 0.1g de las cuales saturadas 0g Hidratos de Carbono 1.6g de los cuales azúcares 0.05g Proteínas 0.1g Sal 0.01g,No disponible,"(7,05 €/LITRO)"
Vino blanco joven D.O. Rueda Blume botella 75 cl,https://www.dia.es/cervezas-vinos-y-bebidas-con-alcohol/vino-blanco/p/102899,https://www.dia.es/product_images/102899/102899_ISO_0_ES.jpg?imwidth=392,"4,50 €",No disponible,No disponible,"(6,00 €/LITRO)"
Cava brut Grand astoria botella 75 cl,https://www.dia.es/cervezas-vinos-y-bebidas-con-alcohol/cavas-y-sidra/p/54531,https://www.dia.es/product_images/54531/54531_ISO_0_ES.jpg?imwidth=392,"2,95 €",Grasas 0.5g de las cuales saturadas 0.1g Hidratos de Carbono 0.98g de los cuales azúcares 0.98g Proteínas 1g Sal 1g,No disponible,"(3,93 €/LITRO)"
Sidra de manzana Ladrón de manzanas botella 25 cl,https://www.dia.es/cervezas-vinos-y-bebidas-con-alcohol/cavas-y-sidra/p/248121,https://www.dia.es/product_images/248121/248121_ISO_0_ES.jpg?imwidth=392,"1,00 €",Grasas 0g de las cuales saturadas 0g Hidratos de Carbono 6.6g de los cuales azúcares 6.5g Proteínas 0g Sal 0.01g,No disponible,"(4,00 €/LITRO)"
Cava brut nature Jaume Serra botella 75 cl,https://www.dia.es/cervezas-vinos-y-bebidas-con-alcohol/cavas-y-sidra/p/116160,https://www.dia.es/product_images/116160/116160_ISO_0_ES.jpg?imwidth=392,"4,25 €",No disponible,No disponible,"(5,67 €/LITRO)"
Sidra espumosa Sidrallero botella 75 cl,https://www.dia.es/cervezas-vinos-y-bebidas-con-alcohol/cavas-y-sidra/p/273424,https://www.dia.es/product_images/273424/273424_ISO_0_ES.jpg?imwidth=392,"1,60 €",No disponible,No disponible,"(2,13 €/LITRO)"
Sidra El gaitero botella 75 cl,https://www.dia.es/cervezas-vinos-y-bebidas-con-alcohol/cavas-y-sidra/p/187062,https://www.dia.es/product_images/187062/187062_ISO_0_ES.jpg?imwidth=392,"2,55 €",No disponible,No disponible,"(3,40 €/LITRO)"
Cava brut nature Grand astoria botella 75 cl,https://www.dia.es/cervezas-vinos-y-bebidas-con-alcohol/cavas-y-sidra/p/3310,https://www.dia.es/product_images/3310/3310_ISO_0_ES.jpg?imwidth=392,"3,95 €",Grasas 0.5g de las cuales saturadas 0.05g Hidratos de Carbono 0.5g de los cuales azúcares 0.5g Proteínas 1g Sal 0.01g,No disponible,"(5,27 €/LITRO)"
Sidra natural Cortina botella 70 cl,https://www.dia.es/cervezas-vinos-y-bebidas-con-alcohol/cavas-y-sidra/p/186871,https://www.dia.es/product_images/186871/186871_ISO_0_ES.jpg?imwidth=392,"2,40 €",Grasas 0g de las cuales saturadas 0g Hidratos de Carbono 1g de los cuales azúcares 0.9g Proteínas 0.01g Sal 0.01g,No disponible,"(3,43 €/LITRO)"
Cava semiseco Freixenet Carta Nevada botella 75 cl,https://www.dia.es/cervezas-vinos-y-bebidas-con-alcohol/cavas-y-sidra/p/84786,https://www.dia.es/product_images/84786/84786_ISO_0_ES.jpg?imwidth=392,"6,95 €",No disponible,No disponible,"(9,27 €/LITRO)"
Cava semiseco Grand astoria botella 75 cl,https://www.dia.es/cervezas-vinos-y-bebidas-con-alcohol/cavas-y-sidra/p/3311,https://www.dia.es/product_images/3311/3311_ISO_0_ES.jpg?imwidth=392,"2,95 €",Grasas 0.5g de las cuales saturadas 0.1g Hidratos de Carbono 3.5g de los cuales azúcares 3.5g Proteínas 1g Sal 0.01g,No disponible,"(3,93 €/LITRO)"
Sidra extra El gaitero botella 75 cl,https://www.dia.es/cervezas-vinos-y-bebidas-con-alcohol/cavas-y-sidra/p/187064,https://www.dia.es/product_images/187064/187064_ISO_0_ES.jpg?imwidth=392,"3,30 €",No disponible,No disponible,"(4,40 €/LITRO)"
Cava reserva brut nature Grand astoria botella 75 cl,https://www.dia.es/cervezas-vinos-y-bebidas-con-alcohol/cavas-y-sidra/p/265217,https://www.dia.es/product_images/265217/265217_ISO_0_ES.jpg?imwidth=392,"4,45 €",Grasas 0.5g de las cuales saturadas 0.05g Hidratos de Carbono 0.5g de los cuales azúcares 0.5g Proteínas 1g Sal 0.01g,No disponible,"(5,93 €/LITRO)"
Cava Codorníu botella 3 x 20 cl,https://www.dia.es/cervezas-vinos-y-bebidas-con-alcohol/cavas-y-sidra/p/43171,https://www.dia.es/product_images/43171/43171_ISO_0_ES.jpg?imwidth=392,"6,99 €",No disponible,No disponible,"(11,65 €/LITRO)"
Cava brut Codorníu Anna botella 75 cl,https://www.dia.es/cervezas-vinos-y-bebidas-con-alcohol/cavas-y-sidra/p/46452,https://www.dia.es/product_images/46452/46452_ISO_0_ES.jpg?imwidth=392,"9,35 €",No disponible,No disponible,"(12,47 €/LITRO)"
Cava brut Freixenet Cordón Negro botella 75 cl,https://www.dia.es/cervezas-vinos-y-bebidas-con-alcohol/cavas-y-sidra/p/84932,https://www.dia.es/product_images/84932/84932_ISO_0_ES.jpg?imwidth=392,"7,99 €",No disponible,No disponible,"(10,65 €/LITRO)"
Cava semiseco Freixenet Carta Nevada botella 3 x 20 cl,https://www.dia.es/cervezas-vinos-y-bebidas-con-alcohol/cavas-y-sidra/p/87666,https://www.dia.es/product_images/87666/87666_ISO_0_ES.jpg?imwidth=392,"6,95 €",No disponible,No disponible,"(11,58 €/LITRO)"
Cava brut Vía de la Plata botella 75 cl,https://www.dia.es/cervezas-vinos-y-bebidas-con-alcohol/cavas-y-sidra/p/188444,https://www.dia.es/product_images/188444/188444_ISO_0_ES.jpg?imwidth=392,"4,99 €",Grasas 0g de las cuales saturadas 0g Hidratos de Carbono 2.2g de los cuales azúcares 0.8g Proteínas 0g Sal 0.1g,No disponible,"(6,65 €/LITRO)"
Vino espumoso spritz Sandara botella 75 cl,https://www.dia.es/cervezas-vinos-y-bebidas-con-alcohol/cavas-y-sidra/p/303675,https://www.dia.es/product_images/303675/303675_ISO_0_ES.jpg?imwidth=392,"4,49 €",Grasas 0g de las cuales saturadas 0g Hidratos de Carbono 11.2g de los cuales azúcares 11.06g Proteínas 0.14g Sal 0.1g,No disponible,"(5,99 €/LITRO)"
Cava brut nature Codorníu Anna botella 75 cl,https://www.dia.es/cervezas-vinos-y-bebidas-con-alcohol/cavas-y-sidra/p/137101,https://www.dia.es/product_images/137101/137101_ISO_0_ES.jpg?imwidth=392,"9,35 €",No disponible,No disponible,"(12,47 €/LITRO)"
Vino rosado lambrusco Dante botella 75 cl,https://www.dia.es/cervezas-vinos-y-bebidas-con-alcohol/vino-rosado/p/85255,https://www.dia.es/product_images/85255/85255_ISO_0_ES.jpg?imwidth=392,"2,15 €",Grasas 0g de las cuales saturadas 0g Hidratos de Carbono 5.6g de los cuales azúcares 5g Proteínas 0g Sal 0g,No disponible,"(2,87 €/LITRO)"
"Vino frizzante moscato rosado 5,5º Condominium botella 75 cl",https://www.dia.es/cervezas-vinos-y-bebidas-con-alcohol/vino-rosado/p/222276,https://www.dia.es/product_images/222276/222276_ISO_0_ES.jpg?imwidth=392,"2,99 €",Grasas 0g de las cuales saturadas 0g Hidratos de Carbono 7g de los cuales azúcares 6.9g Proteínas 0.1g Sal 0.1g,No disponible,"(3,99 €/LITRO)"
Vino rosado de aguja Peñascal botella 75 cl,https://www.dia.es/cervezas-vinos-y-bebidas-con-alcohol/vino-rosado/p/54991,https://www.dia.es/product_images/54991/54991_ISO_0_ES.jpg?imwidth=392,"3,85 €",No disponible,No disponible,"(5,13 €/LITRO)"
Vino rosado D.O. Valdepeñas Viña Danza botella 75 cl,https://www.dia.es/cervezas-vinos-y-bebidas-con-alcohol/vino-rosado/p/263818,https://www.dia.es/product_images/263818/263818_ISO_0_ES.jpg?imwidth=392,"1,69 €",Grasas 0g de las cuales saturadas 0g Hidratos de Carbono 0g de los cuales azúcares 0g Proteínas 0g Sal 0g,No disponible,"(2,25 €/LITRO)"
Vino rosado lambrusco Flaminia botella 75 cl,https://www.dia.es/cervezas-vinos-y-bebidas-con-alcohol/vino-rosado/p/144629,https://www.dia.es/product_images/144629/144629_ISO_0_ES.jpg?imwidth=392,"2,99 €",Grasas 0g de las cuales saturadas 0g Hidratos de Carbono 5.6g de los cuales azúcares 5g Proteínas 0g Sal 0g,No disponible,"(3,99 €/LITRO)"
Vino rosado Castillo de Velasco brik 1 l,https://www.dia.es/cervezas-vinos-y-bebidas-con-alcohol/vino-rosado/p/263931,https://www.dia.es/product_images/263931/263931_ISO_0_ES.jpg?imwidth=392,"1,19 €",Grasas 0.5g de las cuales saturadas 0.1g Hidratos de Carbono 0.5g de los cuales azúcares 0.5g Proteínas 1g Sal 0.01g,No disponible,"(1,19 €/LITRO)"
Vino rosado D.O. Navarra Viña Ardanche botella 75 cl,https://www.dia.es/cervezas-vinos-y-bebidas-con-alcohol/vino-rosado/p/13106,https://www.dia.es/product_images/13106/13106_ISO_0_ES.jpg?imwidth=392,"2,10 €",Grasas 0g de las cuales saturadas 0g Hidratos de Carbono 2g de los cuales azúcares 0g Proteínas 0g Sal 0g,No disponible,"(2,80 €/LITRO)"
Vino rosado do rioja Faustino Rivero botella 75 cl,https://www.dia.es/cervezas-vinos-y-bebidas-con-alcohol/vino-rosado/p/285520,https://www.dia.es/product_images/285520/285520_ISO_0_ES.jpg?imwidth=392,"3,49 €",No disponible,No disponible,"(4,65 €/LITRO)"
Vino rosado D.O. Rioja Señorío de Ondas botella 75 cl,https://www.dia.es/cervezas-vinos-y-bebidas-con-alcohol/vino-rosado/p/127645,https://www.dia.es/product_images/127645/127645_ISO_0_ES.jpg?imwidth=392,"2,59 €",Grasas 0g de las cuales saturadas 0g Hidratos de Carbono 2g de los cuales azúcares 0g Proteínas 0g Sal 0g,No disponible,"(3,45 €/LITRO)"
Vino rosado bobal Pinta en Copas botella 75 cl,https://www.dia.es/cervezas-vinos-y-bebidas-con-alcohol/vino-rosado/p/265820,https://www.dia.es/product_images/265820/265820_ISO_0_ES.jpg?imwidth=392,"1,99 €",Grasas 0g de las cuales saturadas 0g Hidratos de Carbono 3g de los cuales azúcares 2g Proteínas 0g Sal 0g,No disponible,"(2,65 €/LITRO)"
Vino rosado D.O. Rioja El coto botella 75 cl,https://www.dia.es/cervezas-vinos-y-bebidas-con-alcohol/vino-rosado/p/189921,https://www.dia.es/product_images/189921/189921_ISO_0_ES.jpg?imwidth=392,"4,15 €",No disponible,No disponible,"(5,53 €/LITRO)"
Vino rosado D.O. Rioja Castillo de Haro botella 75 cl,https://www.dia.es/cervezas-vinos-y-bebidas-con-alcohol/vino-rosado/p/263401,https://www.dia.es/product_images/263401/263401_ISO_0_ES.jpg?imwidth=392,"3,25 €",Grasas 0g de las cuales saturadas 0g Hidratos de Carbono 3g de los cuales azúcares 0g Proteínas 0g Sal 0g,No disponible,"(4,33 €/LITRO)"
Vino rosado Viñas del Vero botella 75 cl,https://www.dia.es/cervezas-vinos-y-bebidas-con-alcohol/vino-rosado/p/187038,https://www.dia.es/product_images/187038/187038_ISO_0_ES.jpg?imwidth=392,"6,10 €",Grasas 0g de las cuales saturadas 0g Hidratos de Carbono 0.46g de los cuales azúcares 0.46g Proteínas 0g Sal 0g,No disponible,"(8,13 €/LITRO)"
Vino rosado D.O. Navarra Gran feudo botella 75 cl,https://www.dia.es/cervezas-vinos-y-bebidas-con-alcohol/vino-rosado/p/114295,https://www.dia.es/product_images/114295/114295_ISO_0_ES.jpg?imwidth=392,"4,79 €",No disponible,No disponible,"(6,39 €/LITRO)"
Ginebra Seagram's botella 70 cl,https://www.dia.es/cervezas-vinos-y-bebidas-con-alcohol/ginebra-y-vodka/p/182580,https://www.dia.es/product_images/182580/182580_ISO_0_ES.jpg?imwidth=392,"16,45 €",No disponible,No disponible,"(23,50 €/LITRO)"
Ginebra sabor fresa Barmon's botella 70 cl,https://www.dia.es/cervezas-vinos-y-bebidas-con-alcohol/ginebra-y-vodka/p/222418,https://www.dia.es/product_images/222418/222418_ISO_0_ES.jpg?imwidth=392,"7,15 €",Grasas 0g de las cuales saturadas 0g Hidratos de Carbono 3.69g de los cuales azúcares 3.69g Proteínas 1.57g Sal 0.02g,No disponible,"(10,21 €/LITRO)"
Vodka cinco destilaciones Mikanoff botella 1 l,https://www.dia.es/cervezas-vinos-y-bebidas-con-alcohol/ginebra-y-vodka/p/272363,https://www.dia.es/product_images/272363/272363_ISO_0_ES.jpg?imwidth=392,"6,70 €",No disponible,No disponible,"(6,70 €/LITRO)"
Vodka Absolut botella 70 cl,https://www.dia.es/cervezas-vinos-y-bebidas-con-alcohol/ginebra-y-vodka/p/76962,https://www.dia.es/product_images/76962/76962_ISO_0_ES.jpg?imwidth=392,"14,99 €",No disponible,No disponible,"(21,41 €/LITRO)"
Ginebra Larios botella 1 l,https://www.dia.es/cervezas-vinos-y-bebidas-con-alcohol/ginebra-y-vodka/p/174,https://www.dia.es/product_images/174/174_ISO_0_ES.jpg?imwidth=392,"12,99 €",No disponible,No disponible,"(12,99 €/LITRO)"
Ginebra Gordon's botella 70 cl,https://www.dia.es/cervezas-vinos-y-bebidas-con-alcohol/ginebra-y-vodka/p/6272,https://www.dia.es/product_images/6272/6272_ISO_0_ES.jpg?imwidth=392,"10,99 €",No disponible,No disponible,"(15,70 €/LITRO)"
Ginebra Barmon's botella 70 cl,https://www.dia.es/cervezas-vinos-y-bebidas-con-alcohol/ginebra-y-vodka/p/48710,https://www.dia.es/product_images/48710/48710_ISO_0_ES.jpg?imwidth=392,"5,99 €",Hidratos de Carbono 3g de los cuales azúcares 2g Fibra alimentaria 2g Sal 1g,No disponible,"(8,56 €/LITRO)"
Ginebra london dry Beefeater botella 70 cl,https://www.dia.es/cervezas-vinos-y-bebidas-con-alcohol/ginebra-y-vodka/p/48999,https://www.dia.es/product_images/48999/48999_ISO_0_ES.jpg?imwidth=392,"13,49 €",No disponible,No disponible,"(19,27 €/LITRO)"
Ginebra sabor fresa Puerto de Indias botella 70 cl,https://www.dia.es/cervezas-vinos-y-bebidas-con-alcohol/ginebra-y-vodka/p/209537,https://www.dia.es/product_images/209537/209537_ISO_0_ES.jpg?imwidth=392,"16,45 €",No disponible,No disponible,"(23,50 €/LITRO)"
"Bebida espirituosa sin alcohol 0,0 Tanqueray botella 70 cl",https://www.dia.es/cervezas-vinos-y-bebidas-con-alcohol/ginebra-y-vodka/p/277594,https://www.dia.es/product_images/277594/277594_ISO_0_ES.jpg?imwidth=392,"17,49 €",No disponible,No disponible,"(24,99 €/LITRO)"
Ginebra Bombay botella 70 cl,https://www.dia.es/cervezas-vinos-y-bebidas-con-alcohol/ginebra-y-vodka/p/149262,https://www.dia.es/product_images/149262/149262_ISO_0_ES.jpg?imwidth=392,"17,95 €",Grasas 0g de las cuales saturadas 0g Hidratos de Carbono 0g de los cuales azúcares 0g Proteínas 0g Sal 0g,No disponible,"(25,64 €/LITRO)"
Ginebra London dry Tanqueray botella 70 cl,https://www.dia.es/cervezas-vinos-y-bebidas-con-alcohol/ginebra-y-vodka/p/102932,https://www.dia.es/product_images/102932/102932_ISO_0_ES.jpg?imwidth=392,"17,49 €",No disponible,No disponible,"(24,99 €/LITRO)"
Vodka con sabor a caramelo Mikanoff botella 70 cl,https://www.dia.es/cervezas-vinos-y-bebidas-con-alcohol/ginebra-y-vodka/p/116710,https://www.dia.es/product_images/116710/116710_ISO_0_ES.jpg?imwidth=392,"5,69 €",No disponible,No disponible,"(8,13 €/LITRO)"
Ginebra premium Larios 12 botella 70 cl,https://www.dia.es/cervezas-vinos-y-bebidas-con-alcohol/ginebra-y-vodka/p/114299,https://www.dia.es/product_images/114299/114299_ISO_0_ES.jpg?imwidth=392,"14,09 €",No disponible,No disponible,"(20,13 €/LITRO)"
Vodka Smirnoff botella 70 cl,https://www.dia.es/cervezas-vinos-y-bebidas-con-alcohol/ginebra-y-vodka/p/57900,https://www.dia.es/product_images/57900/57900_ISO_0_ES.jpg?imwidth=392,"11,29 €",No disponible,No disponible,"(16,13 €/LITRO)"
Pink vodka Eristoff botella 70 cl,https://www.dia.es/cervezas-vinos-y-bebidas-con-alcohol/ginebra-y-vodka/p/282948,https://www.dia.es/product_images/282948/282948_ISO_0_ES.jpg?imwidth=392,"8,99 €",Grasas 0g de las cuales saturadas 0g Hidratos de Carbono 10g de los cuales azúcares 10g Proteínas 0g Sal 0.03g,No disponible,"(12,84 €/LITRO)"
Ginebra Nordes botella 70 cl,https://www.dia.es/cervezas-vinos-y-bebidas-con-alcohol/ginebra-y-vodka/p/223716,https://www.dia.es/product_images/223716/223716_ISO_0_ES.jpg?imwidth=392,"26,49 €",Grasas 0g de las cuales saturadas 0g Hidratos de Carbono 0g de los cuales azúcares 0g Proteínas 0g Sal 0.1g,No disponible,"(37,84 €/LITRO)"
Ginebra japonesa Roku botella 70 cl,https://www.dia.es/cervezas-vinos-y-bebidas-con-alcohol/ginebra-y-vodka/p/258149,https://www.dia.es/product_images/258149/258149_ISO_0_ES.jpg?imwidth=392,"22,49 €",No disponible,No disponible,"(32,13 €/LITRO)"
Ginebra cítrica Barmon's botella 70 cl,https://www.dia.es/cervezas-vinos-y-bebidas-con-alcohol/ginebra-y-vodka/p/272364,https://www.dia.es/product_images/272364/272364_ISO_0_ES.jpg?imwidth=392,"7,79 €",No disponible,No disponible,"(11,13 €/LITRO)"
Vodka Eristoff botella 70 cl,https://www.dia.es/cervezas-vinos-y-bebidas-con-alcohol/ginebra-y-vodka/p/40183,https://www.dia.es/product_images/40183/40183_ISO_0_ES.jpg?imwidth=392,"10,29 €",Grasas 0g de las cuales saturadas 0g Hidratos de Carbono 0g de los cuales azúcares 0g Proteínas 0g Sal 0g,No disponible,"(14,70 €/LITRO)"
"Bebida sin alcohol 0,0 Beefeater botella 70 cl",https://www.dia.es/cervezas-vinos-y-bebidas-con-alcohol/ginebra-y-vodka/p/302893,https://www.dia.es/product_images/302893/302893_ISO_0_ES.jpg?imwidth=392,"13,49 €",No disponible,No disponible,"(19,27 €/LITRO)"
Ginebra con sabor a limón mediterráneo Bombay botella 70 cl,https://www.dia.es/cervezas-vinos-y-bebidas-con-alcohol/ginebra-y-vodka/p/287938,https://www.dia.es/product_images/287938/287938_ISO_0_ES.jpg?imwidth=392,"19,99 €",Grasas 0g de las cuales saturadas 0g Hidratos de Carbono 6.3g de los cuales azúcares 6.3g Proteínas 0g Sal 0g,No disponible,"(28,56 €/LITRO)"
Ginebra Narisara botella 70 cl,https://www.dia.es/cervezas-vinos-y-bebidas-con-alcohol/ginebra-y-vodka/p/280350,https://www.dia.es/product_images/280350/280350_ISO_0_ES.jpg?imwidth=392,"8,99 €",No disponible,No disponible,"(12,84 €/LITRO)"
Ginebra sabor fresa Larios Rosé botella 70 cl,https://www.dia.es/cervezas-vinos-y-bebidas-con-alcohol/ginebra-y-vodka/p/212320,https://www.dia.es/product_images/212320/212320_ISO_0_ES.jpg?imwidth=392,"12,99 €",No disponible,No disponible,"(18,56 €/LITRO)"
Ginebra nº ten Tanqueray 0.7 l,https://www.dia.es/cervezas-vinos-y-bebidas-con-alcohol/ginebra-y-vodka/p/187010,https://www.dia.es/product_images/187010/187010_ISO_0_ES.jpg?imwidth=392,"33,99 €",No disponible,No disponible,"(48,56 €/LITRO)"
Ginebra inglesa con tomillo y verbena de limón Beefeater Black botella 70 cl,https://www.dia.es/cervezas-vinos-y-bebidas-con-alcohol/ginebra-y-vodka/p/187001,https://www.dia.es/product_images/187001/187001_ISO_0_ES.jpg?imwidth=392,"17,99 €",No disponible,No disponible,"(25,70 €/LITRO)"
Vodka Finlandia botella 70 cl,https://www.dia.es/cervezas-vinos-y-bebidas-con-alcohol/ginebra-y-vodka/p/158105,https://www.dia.es/product_images/158105/158105_ISO_0_ES.jpg?imwidth=392,"14,99 €",No disponible,No disponible,"(21,41 €/LITRO)"
Vodka Moskovskaya botella 70 cl,https://www.dia.es/cervezas-vinos-y-bebidas-con-alcohol/ginebra-y-vodka/p/125277,https://www.dia.es/product_images/125277/125277_ISO_0_ES.jpg?imwidth=392,"10,35 €",No disponible,No disponible,"(14,79 €/LITRO)"
Whisky Ballantines botella 70 cl,https://www.dia.es/cervezas-vinos-y-bebidas-con-alcohol/ron-y-whisky/p/48997,https://www.dia.es/product_images/48997/48997_ISO_0_ES.jpg?imwidth=392,"12,95 €",No disponible,No disponible,"(18,50 €/LITRO)"
Ron añejo Brugal botella 70 cl,https://www.dia.es/cervezas-vinos-y-bebidas-con-alcohol/ron-y-whisky/p/103423,https://www.dia.es/product_images/103423/103423_ISO_0_ES.jpg?imwidth=392,"15,79 €",No disponible,No disponible,"(22,56 €/LITRO)"
Ron añejo Barceló botella 70 cl,https://www.dia.es/cervezas-vinos-y-bebidas-con-alcohol/ron-y-whisky/p/103004,https://www.dia.es/product_images/103004/103004_ISO_0_ES.jpg?imwidth=392,"15,45 €",Grasas 0g de las cuales saturadas 0g Hidratos de Carbono 0.41g de los cuales azúcares 0.41g Proteínas 0g Sal 0g,No disponible,"(22,07 €/LITRO)"
Ron añejo Velero botella 70 cl,https://www.dia.es/cervezas-vinos-y-bebidas-con-alcohol/ron-y-whisky/p/28695,https://www.dia.es/product_images/28695/28695_ISO_0_ES.jpg?imwidth=392,"5,95 €",No disponible,No disponible,"(8,50 €/LITRO)"
Whisky red label Johnnie Walker botella 70 cl,https://www.dia.es/cervezas-vinos-y-bebidas-con-alcohol/ron-y-whisky/p/7772,https://www.dia.es/product_images/7772/7772_ISO_0_ES.jpg?imwidth=392,"15,99 €",No disponible,No disponible,"(22,84 €/LITRO)"
Whisky escocés 3 años Douregal botella 70 cl,https://www.dia.es/cervezas-vinos-y-bebidas-con-alcohol/ron-y-whisky/p/272365,https://www.dia.es/product_images/272365/272365_ISO_0_ES.jpg?imwidth=392,"6,00 €",No disponible,No disponible,"(8,57 €/LITRO)"
Whisky Burned Barrel botella 70 cl,https://www.dia.es/cervezas-vinos-y-bebidas-con-alcohol/ron-y-whisky/p/164521,https://www.dia.es/product_images/164521/164521_ISO_0_ES.jpg?imwidth=392,"5,99 €",No disponible,No disponible,"(8,56 €/LITRO)"
Whisky 8 años Dyc botella 70 cl,https://www.dia.es/cervezas-vinos-y-bebidas-con-alcohol/ron-y-whisky/p/76080,https://www.dia.es/product_images/76080/76080_ISO_0_ES.jpg?imwidth=392,"12,69 €",No disponible,No disponible,"(18,13 €/LITRO)"
Whisky tenessee Jack Daniel's botella 70 cl,https://www.dia.es/cervezas-vinos-y-bebidas-con-alcohol/ron-y-whisky/p/147458,https://www.dia.es/product_images/147458/147458_ISO_0_ES.jpg?imwidth=392,"23,25 €",No disponible,No disponible,"(33,21 €/LITRO)"
Whisky J&b botella 70 cl,https://www.dia.es/cervezas-vinos-y-bebidas-con-alcohol/ron-y-whisky/p/947,https://www.dia.es/product_images/947/947_ISO_0_ES.jpg?imwidth=392,"13,49 €",No disponible,No disponible,"(19,27 €/LITRO)"
Ron añejo Negrita botella 50 cl,https://www.dia.es/cervezas-vinos-y-bebidas-con-alcohol/ron-y-whisky/p/296009,https://www.dia.es/product_images/296009/296009_ISO_0_ES.jpg?imwidth=392,"6,99 €",No disponible,No disponible,"(13,98 €/LITRO)"
Ron dominicano viejo Velero botella 70 cl,https://www.dia.es/cervezas-vinos-y-bebidas-con-alcohol/ron-y-whisky/p/275862,https://www.dia.es/product_images/275862/275862_ISO_0_ES.jpg?imwidth=392,"8,69 €",No disponible,No disponible,"(12,41 €/LITRO)"
Whisky white label Dewars botella 70 cl,https://www.dia.es/cervezas-vinos-y-bebidas-con-alcohol/ron-y-whisky/p/105834,https://www.dia.es/product_images/105834/105834_ISO_0_ES.jpg?imwidth=392,"14,99 €",Grasas 0g de las cuales saturadas 0g Hidratos de Carbono 0g de los cuales azúcares 0g Proteínas 0g Sal 0g,No disponible,"(21,41 €/LITRO)"
Ron añejo Cacique botella 70 cl,https://www.dia.es/cervezas-vinos-y-bebidas-con-alcohol/ron-y-whisky/p/6069,https://www.dia.es/product_images/6069/6069_ISO_0_ES.jpg?imwidth=392,"14,49 €",No disponible,No disponible,"(20,70 €/LITRO)"
Whisky Dyc botella 1 l,https://www.dia.es/cervezas-vinos-y-bebidas-con-alcohol/ron-y-whisky/p/28640,https://www.dia.es/product_images/28640/28640_ISO_0_ES.jpg?imwidth=392,"15,29 €",No disponible,No disponible,"(15,29 €/LITRO)"
Whisky William Lawson's botella 70 cl,https://www.dia.es/cervezas-vinos-y-bebidas-con-alcohol/ron-y-whisky/p/3732,https://www.dia.es/product_images/3732/3732_ISO_0_ES.jpg?imwidth=392,"10,99 €",No disponible,No disponible,"(15,70 €/LITRO)"
Whisky black label Johnnie Walker botella 70 cl,https://www.dia.es/cervezas-vinos-y-bebidas-con-alcohol/ron-y-whisky/p/186939,https://www.dia.es/product_images/186939/186939_ISO_0_ES.jpg?imwidth=392,"29,99 €",No disponible,No disponible,"(42,84 €/LITRO)"
Ron de coco Malibú botella 70 cl,https://www.dia.es/cervezas-vinos-y-bebidas-con-alcohol/ron-y-whisky/p/70658,https://www.dia.es/product_images/70658/70658_ISO_0_ES.jpg?imwidth=392,"12,59 €",No disponible,No disponible,"(17,99 €/LITRO)"
Whisky 5 años Douregal botella 70 cl,https://www.dia.es/cervezas-vinos-y-bebidas-con-alcohol/ron-y-whisky/p/28694,https://www.dia.es/product_images/28694/28694_ISO_0_ES.jpg?imwidth=392,"8,99 €",No disponible,No disponible,"(12,84 €/LITRO)"
Ron blanco Velero botella 70 cl,https://www.dia.es/cervezas-vinos-y-bebidas-con-alcohol/ron-y-whisky/p/20574,https://www.dia.es/product_images/20574/20574_ISO_0_ES.jpg?imwidth=392,"5,25 €",No disponible,No disponible,"(7,50 €/LITRO)"
Vermouth rosso Alvini botella 1 l,https://www.dia.es/cervezas-vinos-y-bebidas-con-alcohol/vermouth/p/13807,https://www.dia.es/product_images/13807/13807_ISO_0_ES.jpg?imwidth=392,"2,69 €",Grasas 0g de las cuales saturadas 0g Hidratos de Carbono 13.5g de los cuales azúcares 13.5g Proteínas 0g Sal 0g,No disponible,"(2,69 €/LITRO)"
Vermouth reserva Topaz botella 75 cl,https://www.dia.es/cervezas-vinos-y-bebidas-con-alcohol/vermouth/p/291340,https://www.dia.es/product_images/291340/291340_ISO_0_ES.jpg?imwidth=392,"2,70 €",Grasas 0g de las cuales saturadas 0g Hidratos de Carbono 14g de los cuales azúcares 14g Proteínas 0g Sal 0g,No disponible,"(3,60 €/LITRO)"
Vermouth blanco Alvini botella 1 l,https://www.dia.es/cervezas-vinos-y-bebidas-con-alcohol/vermouth/p/13806,https://www.dia.es/product_images/13806/13806_ISO_0_ES.jpg?imwidth=392,"2,69 €",Grasas 0g de las cuales saturadas 0g Hidratos de Carbono 13.5g de los cuales azúcares 13.5g Proteínas 0g Sal 0g,No disponible,"(2,69 €/LITRO)"
Vermouth rojo Yzaguirre botella 1 l,https://www.dia.es/cervezas-vinos-y-bebidas-con-alcohol/vermouth/p/181755,https://www.dia.es/product_images/181755/181755_ISO_0_ES.jpg?imwidth=392,"8,15 €",No disponible,No disponible,"(8,15 €/LITRO)"
Vermouth rojo Zarro botella 1 l,https://www.dia.es/cervezas-vinos-y-bebidas-con-alcohol/vermouth/p/254276,https://www.dia.es/product_images/254276/254276_ISO_0_ES.jpg?imwidth=392,"5,79 €",Grasas 0.5g de las cuales saturadas 0.1g Hidratos de Carbono 12.6g de los cuales azúcares 12.6g Proteínas 1g Sal 0.02g,No disponible,"(5,79 €/LITRO)"
Aperitivo Aperol botella 70 cl,https://www.dia.es/cervezas-vinos-y-bebidas-con-alcohol/vermouth/p/225895,https://www.dia.es/product_images/225895/225895_ISO_0_ES.jpg?imwidth=392,"13,39 €",No disponible,No disponible,"(19,13 €/LITRO)"
Vermouth rosso Martini botella 1 l,https://www.dia.es/cervezas-vinos-y-bebidas-con-alcohol/vermouth/p/3733,https://www.dia.es/product_images/3733/3733_ISO_0_ES.jpg?imwidth=392,"10,69 €",Grasas 0g de las cuales saturadas 0g Hidratos de Carbono 15g de los cuales azúcares 15g Proteínas 0g Sal 0g,No disponible,"(10,69 €/LITRO)"
Vermouth rojo Martini botella 1.5 l,https://www.dia.es/cervezas-vinos-y-bebidas-con-alcohol/vermouth/p/221608,https://www.dia.es/product_images/221608/221608_ISO_0_ES.jpg?imwidth=392,"13,69 €",Grasas 0g de las cuales saturadas 0g Hidratos de Carbono 15g de los cuales azúcares 15g Proteínas 0g Sal 0g,No disponible,"(9,13 €/LITRO)"
Vermouth bianco Martini botella 1 l,https://www.dia.es/cervezas-vinos-y-bebidas-con-alcohol/vermouth/p/49176,https://www.dia.es/product_images/49176/49176_ISO_0_ES.jpg?imwidth=392,"10,69 €",Grasas 0g de las cuales saturadas 0g Hidratos de Carbono 16g de los cuales azúcares 16g Proteínas 0g Sal 0g,No disponible,"(10,69 €/LITRO)"
Vermouth blanco verdejo 61 botella 75 cl,https://www.dia.es/cervezas-vinos-y-bebidas-con-alcohol/vermouth/p/280261,https://www.dia.es/product_images/280261/280261_ISO_0_ES.jpg?imwidth=392,"8,99 €",Grasas 0.2g de las cuales saturadas 0.1g Hidratos de Carbono 13.1g de los cuales azúcares 11.96g Proteínas 0.1g Sal 0.01g,No disponible,"(11,99 €/LITRO)"
Vermouth rojo tempranillo 61 botella 75 cl,https://www.dia.es/cervezas-vinos-y-bebidas-con-alcohol/vermouth/p/280263,https://www.dia.es/product_images/280263/280263_ISO_0_ES.jpg?imwidth=392,"6,99 €",Grasas 0.1g de las cuales saturadas 0.1g Hidratos de Carbono 10.7g de los cuales azúcares 8.93g Proteínas 0.1g Sal 0.01g,No disponible,"(9,32 €/LITRO)"
Vermouth rojo Nordés botella 1 cl,https://www.dia.es/cervezas-vinos-y-bebidas-con-alcohol/vermouth/p/304154,https://www.dia.es/product_images/304154/304154_ISO_0_ES.jpg?imwidth=392,"10,99 €",Grasas 0g de las cuales saturadas 0g Hidratos de Carbono 5g de los cuales azúcares 5g Proteínas 0g Sal 0.03g,No disponible,"(1099,00 €/LITRO)"
Vermouth rosso Campari 0.7 l,https://www.dia.es/cervezas-vinos-y-bebidas-con-alcohol/vermouth/p/186948,https://www.dia.es/product_images/186948/186948_ISO_0_ES.jpg?imwidth=392,"15,20 €",No disponible,No disponible,"(21,71 €/LITRO)"
Licor de crema de orujo 17º Mourama botella 70 cl,https://www.dia.es/cervezas-vinos-y-bebidas-con-alcohol/cremas-y-licores/p/272408,https://www.dia.es/product_images/272408/272408_ISO_0_ES.jpg?imwidth=392,"6,49 €",No disponible,No disponible,"(9,27 €/LITRO)"
Licor de crema whisky Castle loan botella 70 cl,https://www.dia.es/cervezas-vinos-y-bebidas-con-alcohol/cremas-y-licores/p/28858,https://www.dia.es/product_images/28858/28858_ISO_0_ES.jpg?imwidth=392,"5,75 €",No disponible,No disponible,"(8,21 €/LITRO)"
Licor de crema whisky original Baileys botella 70 cl,https://www.dia.es/cervezas-vinos-y-bebidas-con-alcohol/cremas-y-licores/p/7389,https://www.dia.es/product_images/7389/7389_ISO_0_ES.jpg?imwidth=392,"15,49 €",No disponible,No disponible,"(22,13 €/LITRO)"
Licor de hierbas Ruavieja botella 70 cl,https://www.dia.es/cervezas-vinos-y-bebidas-con-alcohol/cremas-y-licores/p/55935,https://www.dia.es/product_images/55935/55935_ISO_0_ES.jpg?imwidth=392,"10,29 €",No disponible,No disponible,"(14,70 €/LITRO)"
Licor de limoncello 25º Alvini botella 50 cl,https://www.dia.es/cervezas-vinos-y-bebidas-con-alcohol/cremas-y-licores/p/275856,https://www.dia.es/product_images/275856/275856_ISO_0_ES.jpg?imwidth=392,"4,89 €",Grasas 0g de las cuales saturadas 0g Hidratos de Carbono 26g de los cuales azúcares 26g Proteínas 0g Sal 0g,No disponible,"(9,78 €/LITRO)"
Licor de anís dulce Del mono botella 70 cl,https://www.dia.es/cervezas-vinos-y-bebidas-con-alcohol/cremas-y-licores/p/79597,https://www.dia.es/product_images/79597/79597_ISO_0_ES.jpg?imwidth=392,"7,85 €",Grasas 0g de las cuales saturadas 0g Hidratos de Carbono 29g de los cuales azúcares 29g Proteínas 0g Sal 0.1g,No disponible,"(11,21 €/LITRO)"
Crema de limoncello 16º Alvini botella 50 cl,https://www.dia.es/cervezas-vinos-y-bebidas-con-alcohol/cremas-y-licores/p/272410,https://www.dia.es/product_images/272410/272410_ISO_0_ES.jpg?imwidth=392,"4,99 €",No disponible,No disponible,"(9,98 €/LITRO)"
Licor de manzana sin alcohol Soñador botella 70 cl,https://www.dia.es/cervezas-vinos-y-bebidas-con-alcohol/cremas-y-licores/p/279226,https://www.dia.es/product_images/279226/279226_ISO_0_ES.jpg?imwidth=392,"2,49 €",No disponible,No disponible,"(3,56 €/LITRO)"
Licor de anís dulce La Estepa botella 1 l,https://www.dia.es/cervezas-vinos-y-bebidas-con-alcohol/cremas-y-licores/p/16579,https://www.dia.es/product_images/16579/16579_ISO_0_ES.jpg?imwidth=392,"7,20 €",Grasas 0g de las cuales saturadas 0g Hidratos de Carbono 27.5g de los cuales azúcares 27.5g Proteínas 0g Sal 0.1g,No disponible,"(7,20 €/LITRO)"
Licor de hierbas 30º Mourama botella 70 cl,https://www.dia.es/cervezas-vinos-y-bebidas-con-alcohol/cremas-y-licores/p/272407,https://www.dia.es/product_images/272407/272407_ISO_0_ES.jpg?imwidth=392,"5,99 €",No disponible,No disponible,"(8,56 €/LITRO)"
Pacharán Gorzalka botella 1 l,https://www.dia.es/cervezas-vinos-y-bebidas-con-alcohol/cremas-y-licores/p/279911,https://www.dia.es/product_images/279911/279911_ISO_0_ES.jpg?imwidth=392,"7,50 €",No disponible,No disponible,"(7,50 €/LITRO)"
Licor de avellanas Frangelico botella 70 cl,https://www.dia.es/cervezas-vinos-y-bebidas-con-alcohol/cremas-y-licores/p/70187,https://www.dia.es/product_images/70187/70187_ISO_0_ES.jpg?imwidth=392,"14,59 €",No disponible,No disponible,"(20,84 €/LITRO)"
Pacharán Zoco botella 70 cl,https://www.dia.es/cervezas-vinos-y-bebidas-con-alcohol/cremas-y-licores/p/248455,https://www.dia.es/product_images/248455/248455_ISO_0_ES.jpg?imwidth=392,"9,10 €",Grasas 0g de las cuales saturadas 0g Hidratos de Carbono 14g de los cuales azúcares 14g Proteínas 0g Sal 0g,No disponible,"(13,00 €/LITRO)"
Licor de crema de orujo Ruavieja botella 70 cl,https://www.dia.es/cervezas-vinos-y-bebidas-con-alcohol/cremas-y-licores/p/137105,https://www.dia.es/product_images/137105/137105_ISO_0_ES.jpg?imwidth=392,"13,19 €",No disponible,No disponible,"(18,84 €/LITRO)"
Licor de hierbas Jägermeister botella 70 cl,https://www.dia.es/cervezas-vinos-y-bebidas-con-alcohol/cremas-y-licores/p/189722,https://www.dia.es/product_images/189722/189722_ISO_0_ES.jpg?imwidth=392,"14,49 €",No disponible,No disponible,"(20,70 €/LITRO)"
Licor de café 30º Mourama botella 70 cl,https://www.dia.es/cervezas-vinos-y-bebidas-con-alcohol/cremas-y-licores/p/272409,https://www.dia.es/product_images/272409/272409_ISO_0_ES.jpg?imwidth=392,"6,49 €",No disponible,No disponible,"(9,27 €/LITRO)"
Licor de anís dulce La castellana botella 70 cl,https://www.dia.es/cervezas-vinos-y-bebidas-con-alcohol/cremas-y-licores/p/205046,https://www.dia.es/product_images/205046/205046_ISO_0_ES.jpg?imwidth=392,"9,29 €",No disponible,No disponible,"(13,27 €/LITRO)"
Licor de mora sin alcohol Soñador botella 70 cl,https://www.dia.es/cervezas-vinos-y-bebidas-con-alcohol/cremas-y-licores/p/279225,https://www.dia.es/product_images/279225/279225_ISO_0_ES.jpg?imwidth=392,"2,29 €",No disponible,No disponible,"(3,27 €/LITRO)"
Licor de crema whisky light Baileys botella 70 cl,https://www.dia.es/cervezas-vinos-y-bebidas-con-alcohol/cremas-y-licores/p/287936,https://www.dia.es/product_images/287936/287936_ISO_0_ES.jpg?imwidth=392,"12,99 €",Grasas 5g de las cuales saturadas 3g Hidratos de Carbono 13g de los cuales azúcares 11g Proteínas 1g Sal 0.1g,No disponible,"(18,56 €/LITRO)"
Licor de crema de cacao La castellana botella 70 cl,https://www.dia.es/cervezas-vinos-y-bebidas-con-alcohol/cremas-y-licores/p/283046,https://www.dia.es/product_images/283046/283046_ISO_0_ES.jpg?imwidth=392,"10,99 €",No disponible,No disponible,"(15,70 €/LITRO)"
Bebida espirituosa tipo brandy Gladiador botella 1 l,https://www.dia.es/cervezas-vinos-y-bebidas-con-alcohol/brandy/p/142499,https://www.dia.es/product_images/142499/142499_ISO_0_ES.jpg?imwidth=392,"5,99 €",Grasas 0g de las cuales saturadas 0g Hidratos de Carbono 1g de los cuales azúcares 1g Fibra alimentaria 0g Proteínas 0g Sal 0g,No disponible,"(5,99 €/LITRO)"
Brandy Veterano botella 1 l,https://www.dia.es/cervezas-vinos-y-bebidas-con-alcohol/brandy/p/129569,https://www.dia.es/product_images/129569/129569_ISO_0_ES.jpg?imwidth=392,"8,89 €",Grasas 0g de las cuales saturadas 0g Hidratos de Carbono 0.8g de los cuales azúcares 0.8g Proteínas 0g Sal 0.1g,No disponible,"(8,89 €/LITRO)"
Brandy de Jerez Soberano botella 70 cl,https://www.dia.es/cervezas-vinos-y-bebidas-con-alcohol/brandy/p/51152,https://www.dia.es/product_images/51152/51152_ISO_0_ES.jpg?imwidth=392,"7,99 €",Grasas 0g de las cuales saturadas 0g Hidratos de Carbono 1.5g de los cuales azúcares 1.5g Proteínas 0g Sal 0g,No disponible,"(11,41 €/LITRO)"
Brandy Centenario botella 1 l,https://www.dia.es/cervezas-vinos-y-bebidas-con-alcohol/brandy/p/141941,https://www.dia.es/product_images/141941/141941_ISO_0_ES.jpg?imwidth=392,"9,49 €",Grasas 0g Hidratos de Carbono 1.4g de los cuales azúcares 1.4g Proteínas 0g Sal 0g,No disponible,"(9,49 €/LITRO)"
Brandy 5 solera reserva Torres botella 70 cl,https://www.dia.es/cervezas-vinos-y-bebidas-con-alcohol/brandy/p/119278,https://www.dia.es/product_images/119278/119278_ISO_0_ES.jpg?imwidth=392,"10,50 €",No disponible,No disponible,"(15,00 €/LITRO)"
Brandy de Jerez solera reserva Magno botella 70 cl,https://www.dia.es/cervezas-vinos-y-bebidas-con-alcohol/brandy/p/161,https://www.dia.es/product_images/161/161_ISO_0_ES.jpg?imwidth=392,"11,39 €",Grasas 0g de las cuales saturadas 0g Hidratos de Carbono 1.1g de los cuales azúcares 1.1g Proteínas 0g Sal 0.1g,No disponible,"(16,27 €/LITRO)"
Brandy de Jerez solera Gladiador botella 70 cl,https://www.dia.es/cervezas-vinos-y-bebidas-con-alcohol/brandy/p/272367,https://www.dia.es/product_images/272367/272367_ISO_0_ES.jpg?imwidth=392,"6,79 €",No disponible,No disponible,"(9,70 €/LITRO)"
Brandy de Jerez sherry cask Fundador botella 70 cl,https://www.dia.es/cervezas-vinos-y-bebidas-con-alcohol/brandy/p/303392,https://www.dia.es/product_images/303392/303392_ISO_0_ES.jpg?imwidth=392,"8,99 €",Grasas 0g Hidratos de Carbono 1.18g de los cuales azúcares 1.18g Proteínas 0g Sal 0g,No disponible,"(12,84 €/LITRO)"
Brandy de Jerez solera gran reserva Alma de magno botella 70 cl,https://www.dia.es/cervezas-vinos-y-bebidas-con-alcohol/brandy/p/302598,https://www.dia.es/product_images/302598/302598_ISO_0_ES.jpg?imwidth=392,"15,99 €",Grasas 0g de las cuales saturadas 0g Hidratos de Carbono 2g de los cuales azúcares 2g Proteínas 0g Sal 0.1g,No disponible,"(22,84 €/LITRO)"
Detergente máquina líquido marsella Super Paco de Dia garrafa 46 lavados,https://www.dia.es/limpieza-y-hogar/cuidado-de-la-ropa/p/273997,https://www.dia.es/product_images/273997/273997_ISO_0_ES.jpg?imwidth=392,"3,30 €",No disponible,No disponible,"(0,07 €/LAVADO)"
Suavizante concentrado azul Super Paco de Dia botella 80 lavados,https://www.dia.es/limpieza-y-hogar/cuidado-de-la-ropa/p/274015,https://www.dia.es/product_images/274015/274015_ISO_0_ES.jpg?imwidth=392,"1,85 €",No disponible,No disponible,"(0,02 €/LAVADO)"
Detergente máquina líquido azul Super Paco de Dia garrafa 46 lavados,https://www.dia.es/limpieza-y-hogar/cuidado-de-la-ropa/p/274002,https://www.dia.es/product_images/274002/274002_ISO_0_ES.jpg?imwidth=392,"3,30 €",No disponible,No disponible,"(0,07 €/LAVADO)"
Suavizante concentrado algodón Super Paco de Dia botella 80 lavados,https://www.dia.es/limpieza-y-hogar/cuidado-de-la-ropa/p/274019,https://www.dia.es/product_images/274019/274019_ISO_0_ES.jpg?imwidth=392,"1,85 €",No disponible,No disponible,"(0,02 €/LAVADO)"
Detergente máquina líquido colonia botella Super Paco de Dia garrafa 46 lavados,https://www.dia.es/limpieza-y-hogar/cuidado-de-la-ropa/p/274003,https://www.dia.es/product_images/274003/274003_ISO_0_ES.jpg?imwidth=392,"3,30 €",No disponible,No disponible,"(0,07 €/LAVADO)"
Suavizante concentrado talco Super Paco de Dia botella 80 lavados,https://www.dia.es/limpieza-y-hogar/cuidado-de-la-ropa/p/274018,https://www.dia.es/product_images/274018/274018_ISO_0_ES.jpg?imwidth=392,"1,85 €",No disponible,No disponible,"(0,02 €/LAVADO)"
Suavizante concentrado floral Super Paco de Dia botella 80 lavados,https://www.dia.es/limpieza-y-hogar/cuidado-de-la-ropa/p/274017,https://www.dia.es/product_images/274017/274017_ISO_0_ES.jpg?imwidth=392,"1,85 €",No disponible,No disponible,"(0,02 €/LAVADO)"
Oxígeno activo blanco Super Paco de Dia frasco 1 Kg,https://www.dia.es/limpieza-y-hogar/cuidado-de-la-ropa/p/274845,https://www.dia.es/product_images/274845/274845_ISO_0_ES.jpg?imwidth=392,"3,10 €",No disponible,No disponible,"(3,10 €/KILO)"
Detergente máquina líquido blanco&color Super Paco de Dia botella 61 lavados,https://www.dia.es/limpieza-y-hogar/cuidado-de-la-ropa/p/274001,https://www.dia.es/product_images/274001/274001_ISO_0_ES.jpg?imwidth=392,"8,49 €",No disponible,No disponible,"(0,14 €/LAVADO)"
Suavizante concentrado exótico Super Paco de Dia botella 80 lavados,https://www.dia.es/limpieza-y-hogar/cuidado-de-la-ropa/p/274020,https://www.dia.es/product_images/274020/274020_ISO_0_ES.jpg?imwidth=392,"1,85 €",No disponible,No disponible,"(0,02 €/LAVADO)"
Detergente máquina líquido marsella Super Paco de Dia garrafa 61 lavados,https://www.dia.es/limpieza-y-hogar/cuidado-de-la-ropa/p/273998,https://www.dia.es/product_images/273998/273998_ISO_0_ES.jpg?imwidth=392,"5,09 €",No disponible,No disponible,"(0,08 €/LAVADO)"
Detergente máquina líquido blanco&color Super Paco de Dia botella 30 lavados,https://www.dia.es/limpieza-y-hogar/cuidado-de-la-ropa/p/273999,https://www.dia.es/product_images/273999/273999_ISO_0_ES.jpg?imwidth=392,"4,59 €",No disponible,No disponible,"(0,15 €/LAVADO)"
Suavizante concentrado termal Super Paco de Dia botella 80 lavados,https://www.dia.es/limpieza-y-hogar/cuidado-de-la-ropa/p/274016,https://www.dia.es/product_images/274016/274016_ISO_0_ES.jpg?imwidth=392,"1,85 €",No disponible,No disponible,"(0,02 €/LAVADO)"
Lejía ropa densa perfumada Dia garrafa 2 l,https://www.dia.es/limpieza-y-hogar/cuidado-de-la-ropa/p/51527,https://www.dia.es/product_images/51527/51527_ISO_0_ES.jpg?imwidth=392,"1,20 €",No disponible,No disponible,"(0,60 €/LITRO)"
Toallitas atrapacolor Super Paco de Dia caja 20 unidades,https://www.dia.es/limpieza-y-hogar/cuidado-de-la-ropa/p/296944,https://www.dia.es/product_images/296944/296944_ISO_0_ES.jpg?imwidth=392,"2,25 €",No disponible,No disponible,"(0,11 €/UNIDAD)"
Detergente máquina líquido prendas delicadas Super Paco de Dia garrafa 66 lavados,https://www.dia.es/limpieza-y-hogar/cuidado-de-la-ropa/p/274006,https://www.dia.es/product_images/274006/274006_ISO_0_ES.jpg?imwidth=392,"2,50 €",No disponible,No disponible,"(0,04 €/LAVADO)"
Detergente máquina fusión floral Puntomatic bolsa 12 lavados,https://www.dia.es/limpieza-y-hogar/cuidado-de-la-ropa/p/298812,https://www.dia.es/product_images/298812/298812_ISO_0_ES.jpg?imwidth=392,"2,89 €",No disponible,No disponible,"(0,24 €/LAVADO)"
Detergente máquina polvo marsella Super Paco de Dia caja 35 lavados,https://www.dia.es/limpieza-y-hogar/cuidado-de-la-ropa/p/273741,https://www.dia.es/product_images/273741/273741_ISO_0_ES.jpg?imwidth=392,"4,25 €",No disponible,No disponible,"(0,12 €/LAVADO)"
Oxígeno activo color Super Paco de Dia frasco 1 Kg,https://www.dia.es/limpieza-y-hogar/cuidado-de-la-ropa/p/274844,https://www.dia.es/product_images/274844/274844_ISO_0_ES.jpg?imwidth=392,"3,10 €",No disponible,No disponible,"(3,10 €/KILO)"
Suavizante concentrado azul vital Mimosin botella 69 lavados,https://www.dia.es/limpieza-y-hogar/cuidado-de-la-ropa/p/301841,https://www.dia.es/product_images/301841/301841_ISO_0_ES.jpg?imwidth=392,"3,25 €",No disponible,No disponible,"(0,05 €/LAVADO)"
Lavavajillas concentrado ultra Super Paco de Dia botella 1 l,https://www.dia.es/limpieza-y-hogar/lavavajillas/p/273983,https://www.dia.es/product_images/273983/273983_ISO_0_ES.jpg?imwidth=392,"1,46 €",No disponible,No disponible,"(1,46 €/LITRO)"
Lavavajillas concentrado ultra Super Paco de Dia botella 500 ml,https://www.dia.es/limpieza-y-hogar/lavavajillas/p/273987,https://www.dia.es/product_images/273987/273987_ISO_0_ES.jpg?imwidth=392,"0,92 €",No disponible,No disponible,"(1,84 €/LITRO)"
Lavavajillas Super Paco de Dia botella 1.5 l,https://www.dia.es/limpieza-y-hogar/lavavajillas/p/274543,https://www.dia.es/product_images/274543/274543_ISO_0_ES.jpg?imwidth=392,"1,27 €",No disponible,No disponible,"(0,85 €/LITRO)"
Gel lavavajillas máquina todo en 1 Super Paco de Dia botella 720 ml,https://www.dia.es/limpieza-y-hogar/lavavajillas/p/273995,https://www.dia.es/product_images/273995/273995_ISO_0_ES.jpg?imwidth=392,"3,35 €",No disponible,No disponible,"(4,65 €/LITRO)"
Lavavajillas máquina todo en 1 Super Paco de Dia bolsa 40 unidades,https://www.dia.es/limpieza-y-hogar/lavavajillas/p/274027,https://www.dia.es/product_images/274027/274027_ISO_0_ES.jpg?imwidth=392,"3,93 €",No disponible,No disponible,"(0,10 €/UNIDAD)"
Lavavajillas mano concentrado ultra Fairy botella 1.15 l,https://www.dia.es/limpieza-y-hogar/lavavajillas/p/160996,https://www.dia.es/product_images/160996/160996_ISO_0_ES.jpg?imwidth=392,"4,79 €",No disponible,No disponible,"(4,17 €/LITRO)"
Abrillantador para lavavajillas máquina Super Paco de Dia botella 1 l,https://www.dia.es/limpieza-y-hogar/lavavajillas/p/26327,https://www.dia.es/product_images/26327/26327_ISO_0_ES.jpg?imwidth=392,"1,60 €",No disponible,No disponible,"(1,60 €/LITRO)"
Lavavajillas mano concentrado ultra Fairy botella 480 ml,https://www.dia.es/limpieza-y-hogar/lavavajillas/p/227325,https://www.dia.es/product_images/227325/227325_ISO_0_ES.jpg?imwidth=392,"2,99 €",No disponible,No disponible,"(6,23 €/LITRO)"
Ambientador lavavajillas aroma limón Relevi blister 2 unidades,https://www.dia.es/limpieza-y-hogar/lavavajillas/p/289795,https://www.dia.es/product_images/289795/289795_ISO_0_ES.jpg?imwidth=392,"1,55 €",No disponible,No disponible,"(0,78 €/UNIDAD)"
Lavavajillas mano concentrado dermo Super Paco de Dia botella 1 l,https://www.dia.es/limpieza-y-hogar/lavavajillas/p/273993,https://www.dia.es/product_images/273993/273993_ISO_0_ES.jpg?imwidth=392,"1,75 €",No disponible,No disponible,"(1,75 €/LITRO)"
Sal para lavavajillas Super Paco de Dia bolsa 2 Kg,https://www.dia.es/limpieza-y-hogar/lavavajillas/p/298252,https://www.dia.es/product_images/298252/298252_ISO_0_ES.jpg?imwidth=392,"0,95 €",No disponible,No disponible,"(0,48 €/KILO)"
Lavavajillas máquina poder plus Super Paco de Dia bolsa 25 unidades,https://www.dia.es/limpieza-y-hogar/lavavajillas/p/274028,https://www.dia.es/product_images/274028/274028_ISO_0_ES.jpg?imwidth=392,"4,79 €",No disponible,No disponible,"(0,19 €/UNIDAD)"
Lavavajillas máquina todo en uno powerball Finish bolsa 48 unidades,https://www.dia.es/limpieza-y-hogar/lavavajillas/p/170216,https://www.dia.es/product_images/170216/170216_ISO_0_ES.jpg?imwidth=392,"12,99 €",No disponible,No disponible,"(0,27 €/UNIDAD)"
Lavavajillas máquina classic Super Paco de Dia caja 45 unidades,https://www.dia.es/limpieza-y-hogar/lavavajillas/p/274026,https://www.dia.es/product_images/274026/274026_ISO_0_ES.jpg?imwidth=392,"3,53 €",No disponible,No disponible,"(0,08 €/UNIDAD)"
Lavavajillas máquina todo en 1 limón Somat botella 640 ml,https://www.dia.es/limpieza-y-hogar/lavavajillas/p/289195,https://www.dia.es/product_images/289195/289195_ISO_0_ES.jpg?imwidth=392,"6,89 €",No disponible,No disponible,"(10,77 €/LITRO)"
Lavavajillas máquina ultra platinum Fairy bolsa 35 unidades,https://www.dia.es/limpieza-y-hogar/lavavajillas/p/155428,https://www.dia.es/product_images/155428/155428_ISO_0_ES.jpg?imwidth=392,"9,99 €",No disponible,No disponible,"(0,29 €/UNIDAD)"
Lavavajillas mano formula mejorada Flota botella 1.1 l,https://www.dia.es/limpieza-y-hogar/lavavajillas/p/151954,https://www.dia.es/product_images/151954/151954_ISO_0_ES.jpg?imwidth=392,"1,59 €",No disponible,No disponible,"(1,45 €/LITRO)"
Limpiador para máquina lavavajillas Finish botella 250 ml,https://www.dia.es/limpieza-y-hogar/lavavajillas/p/73780,https://www.dia.es/product_images/73780/73780_ISO_0_ES.jpg?imwidth=392,"3,69 €",No disponible,No disponible,"(14,76 €/LITRO)"
Lavavajillas mano concentrado limón Super Paco de Dia botella 1 l,https://www.dia.es/limpieza-y-hogar/lavavajillas/p/273990,https://www.dia.es/product_images/273990/273990_ISO_0_ES.jpg?imwidth=392,"1,75 €",No disponible,No disponible,"(1,75 €/LITRO)"
Lavavajillas mano concentrado aloe vera y pepino Fairy botella 650 ml,https://www.dia.es/limpieza-y-hogar/lavavajillas/p/301636,https://www.dia.es/product_images/301636/301636_ISO_0_ES.jpg?imwidth=392,"2,99 €",No disponible,No disponible,"(4,60 €/LITRO)"
Papel higiénico La Llama Dia bolsa 12 unidades,https://www.dia.es/limpieza-y-hogar/papel-higienico-de-cocina-servilletas/p/276676,https://www.dia.es/product_images/276676/276676_ISO_0_ES.jpg?imwidth=392,"2,49 €",No disponible,No disponible,"(0,21 €/UNIDAD)"
Papel multiusos absorción 375 servicios La Llama Dia bolsa 1 unidad,https://www.dia.es/limpieza-y-hogar/papel-higienico-de-cocina-servilletas/p/276689,https://www.dia.es/product_images/276689/276689_ISO_0_ES.jpg?imwidth=392,"2,39 €",No disponible,No disponible,"(2,39 €/UNIDAD)"
Papel higiénico compacto doble rollo La Llama Dia bolsa 12 unidades,https://www.dia.es/limpieza-y-hogar/papel-higienico-de-cocina-servilletas/p/276678,https://www.dia.es/product_images/276678/276678_ISO_0_ES.jpg?imwidth=392,"4,70 €",No disponible,No disponible,"(0,39 €/UNIDAD)"
Papel de cocina compacto doble rollo La Llama Dia bolsa 3 unidades,https://www.dia.es/limpieza-y-hogar/papel-higienico-de-cocina-servilletas/p/276683,https://www.dia.es/product_images/276683/276683_ISO_0_ES.jpg?imwidth=392,"2,35 €",No disponible,No disponible,"(0,78 €/UNIDAD)"
Servilletas blancas 1 capa La Llama Dia bolsa 200 unidades,https://www.dia.es/limpieza-y-hogar/papel-higienico-de-cocina-servilletas/p/276692,https://www.dia.es/product_images/276692/276692_ISO_0_ES.jpg?imwidth=392,"1,30 €",No disponible,No disponible,"(0,01 €/UNIDAD)"
Papel higiénico húmedo Fresh La Llama Dia bolsa 80 unidades,https://www.dia.es/limpieza-y-hogar/papel-higienico-de-cocina-servilletas/p/288727,https://www.dia.es/product_images/288727/288727_ISO_0_ES.jpg?imwidth=392,"1,50 €",No disponible,No disponible,"(0,02 €/UNIDAD)"
Papel higiénico compacto doble rollo La Llama Dia bolsa 6 unidades,https://www.dia.es/limpieza-y-hogar/papel-higienico-de-cocina-servilletas/p/276677,https://www.dia.es/product_images/276677/276677_ISO_0_ES.jpg?imwidth=392,"2,40 €",No disponible,No disponible,"(0,40 €/UNIDAD)"
Pañuelos pocket blancos La Llama Dia paquete 10 unidades,https://www.dia.es/limpieza-y-hogar/papel-higienico-de-cocina-servilletas/p/276696,https://www.dia.es/product_images/276696/276696_ISO_0_ES.jpg?imwidth=392,"1,05 €",No disponible,No disponible,"(0,11 €/UNIDAD)"
Papel cocina estándar 2 capas La Llama Dia bolsa 2 unidades,https://www.dia.es/limpieza-y-hogar/papel-higienico-de-cocina-servilletas/p/292546,https://www.dia.es/product_images/292546/292546_ISO_0_ES.jpg?imwidth=392,"1,29 €",No disponible,No disponible,"(0,65 €/UNIDAD)"
Papel higiénico perfumado 4 capas La Llama Dia bolsa 8 unidades,https://www.dia.es/limpieza-y-hogar/papel-higienico-de-cocina-servilletas/p/276681,https://www.dia.es/product_images/276681/276681_ISO_0_ES.jpg?imwidth=392,"3,99 €",No disponible,No disponible,"(0,50 €/UNIDAD)"
Pañuelos faciales La Llama Dia caja 150 unidades,https://www.dia.es/limpieza-y-hogar/papel-higienico-de-cocina-servilletas/p/276698,https://www.dia.es/product_images/276698/276698_ISO_0_ES.jpg?imwidth=392,"0,94 €",No disponible,No disponible,"(0,01 €/UNIDAD)"
Papel higiénico original Scottex bolsa 12 unidades,https://www.dia.es/limpieza-y-hogar/papel-higienico-de-cocina-servilletas/p/270999,https://www.dia.es/product_images/270999/270999_ISO_0_ES.jpg?imwidth=392,"2,99 €",No disponible,No disponible,"(0,25 €/UNIDAD)"
Papel higiénico suave 2 capas Amoos bolsa 12 unidades,https://www.dia.es/limpieza-y-hogar/papel-higienico-de-cocina-servilletas/p/289917,https://www.dia.es/product_images/289917/289917_ISO_0_ES.jpg?imwidth=392,"2,29 €",No disponible,No disponible,"(0,19 €/UNIDAD)"
Servilletas suaves 2 capas La Llama Dia bolsa 100 unidades,https://www.dia.es/limpieza-y-hogar/papel-higienico-de-cocina-servilletas/p/276693,https://www.dia.es/product_images/276693/276693_ISO_0_ES.jpg?imwidth=392,"1,55 €",No disponible,No disponible,"(0,02 €/UNIDAD)"
Papel higiénico ultra suave 3 capas La Llama Dia bolsa 8 unidades,https://www.dia.es/limpieza-y-hogar/papel-higienico-de-cocina-servilletas/p/292545,https://www.dia.es/product_images/292545/292545_ISO_0_ES.jpg?imwidth=392,"3,65 €",No disponible,No disponible,"(0,46 €/UNIDAD)"
Papel multiusos resistente La Llama Dia bolsa 1 unidad,https://www.dia.es/limpieza-y-hogar/papel-higienico-de-cocina-servilletas/p/300024,https://www.dia.es/product_images/300024/300024_ISO_0_ES.jpg?imwidth=392,"2,99 €",No disponible,No disponible,"(2,99 €/UNIDAD)"
Papel higiénico acolchado 3 capas La Llama Dia bolsa 6 unidades,https://www.dia.es/limpieza-y-hogar/papel-higienico-de-cocina-servilletas/p/276682,https://www.dia.es/product_images/276682/276682_ISO_0_ES.jpg?imwidth=392,"2,99 €",No disponible,No disponible,"(0,50 €/UNIDAD)"
Papel higiénico Foxy bolsa 6 unidades,https://www.dia.es/limpieza-y-hogar/papel-higienico-de-cocina-servilletas/p/187744,https://www.dia.es/product_images/187744/187744_ISO_0_ES.jpg?imwidth=392,"3,99 €",No disponible,No disponible,"(0,67 €/UNIDAD)"
Servilletas recicladas 2 capas La Llama Dia bolsa 50 unidades,https://www.dia.es/limpieza-y-hogar/papel-higienico-de-cocina-servilletas/p/276695,https://www.dia.es/product_images/276695/276695_ISO_0_ES.jpg?imwidth=392,"1,59 €",No disponible,No disponible,"(0,03 €/UNIDAD)"
Papel de cocina compacto reciclado doble rollo La Llama Dia bolsa 2 unidades,https://www.dia.es/limpieza-y-hogar/papel-higienico-de-cocina-servilletas/p/276691,https://www.dia.es/product_images/276691/276691_ISO_0_ES.jpg?imwidth=392,"2,19 €",No disponible,No disponible,"(1,10 €/UNIDAD)"
Estropajo salvauñas suciedad resistente Super Paco de Dia estuche 3 unidades,https://www.dia.es/limpieza-y-hogar/utensilios-de-limpieza/p/288582,https://www.dia.es/product_images/288582/288582_ISO_0_ES.jpg?imwidth=392,"0,75 €",No disponible,No disponible,"(0,25 €/UNIDAD)"
Bayeta de microfibra multiusos pequeña Super Paco de Dia bolsa 3 unidades,https://www.dia.es/limpieza-y-hogar/utensilios-de-limpieza/p/288570,https://www.dia.es/product_images/288570/288570_ISO_0_ES.jpg?imwidth=392,"1,59 €",No disponible,No disponible,"(0,53 €/UNIDAD)"
Fregona de hilo de microfibras especial suelos delicados Super Paco de Dia bolsa 1 unidad,https://www.dia.es/limpieza-y-hogar/utensilios-de-limpieza/p/288591,https://www.dia.es/product_images/288591/288591_ISO_0_ES.jpg?imwidth=392,"1,50 €",No disponible,No disponible,"(1,50 €/UNIDAD)"
Bayetas suaves Super Paco de Dia bolsa 6 unidades,https://www.dia.es/limpieza-y-hogar/utensilios-de-limpieza/p/288573,https://www.dia.es/product_images/288573/288573_ISO_0_ES.jpg?imwidth=392,"1,10 €",No disponible,No disponible,"(0,18 €/UNIDAD)"
Estropajo suciedad resistente Super Paco de Dia 3 unidades,https://www.dia.es/limpieza-y-hogar/utensilios-de-limpieza/p/288585,https://www.dia.es/product_images/288585/288585_ISO_0_ES.jpg?imwidth=392,"0,90 €",No disponible,No disponible,"(0,30 €/UNIDAD)"
Fregona amarilla suave Super Paco de Dia bolsa 1 unidad,https://www.dia.es/limpieza-y-hogar/utensilios-de-limpieza/p/288590,https://www.dia.es/product_images/288590/288590_ISO_0_ES.jpg?imwidth=392,"0,88 €",No disponible,No disponible,"(0,88 €/UNIDAD)"
Escoba antichoque gris y celeste Sp berner 1 unidad,https://www.dia.es/limpieza-y-hogar/utensilios-de-limpieza/p/291835,https://www.dia.es/product_images/291835/291835_ISO_0_ES.jpg?imwidth=392,"2,25 €",No disponible,No disponible,"(2,25 €/UNIDAD)"
Fregona de algodón Super Paco de Dia bolsa 1 unidad,https://www.dia.es/limpieza-y-hogar/utensilios-de-limpieza/p/288592,https://www.dia.es/product_images/288592/288592_ISO_0_ES.jpg?imwidth=392,"1,10 €",No disponible,No disponible,"(1,10 €/UNIDAD)"
Estropajo acero inoxidable Super Paco de Dia bolsa 3 unidades,https://www.dia.es/limpieza-y-hogar/utensilios-de-limpieza/p/288581,https://www.dia.es/product_images/288581/288581_ISO_0_ES.jpg?imwidth=392,"0,75 €",No disponible,No disponible,"(0,25 €/UNIDAD)"
Estropajo vitrocerámica Scotch brite caja 1 unidad,https://www.dia.es/limpieza-y-hogar/utensilios-de-limpieza/p/274321,https://www.dia.es/product_images/274321/274321_ISO_0_ES.jpg?imwidth=392,"1,91 €",No disponible,No disponible,"(1,91 €/UNIDAD)"
Estropajo limpieza delicada Super Paco de Dia 3 unidades,https://www.dia.es/limpieza-y-hogar/utensilios-de-limpieza/p/288578,https://www.dia.es/product_images/288578/288578_ISO_0_ES.jpg?imwidth=392,"0,90 €",No disponible,No disponible,"(0,30 €/UNIDAD)"
Palo antideslizante gris y celeste Sp berner 1 unidad,https://www.dia.es/limpieza-y-hogar/utensilios-de-limpieza/p/291837,https://www.dia.es/product_images/291837/291837_ISO_0_ES.jpg?imwidth=392,"1,69 €",No disponible,No disponible,"(1,69 €/UNIDAD)"
Estropajo salvauñas classic Scotch brite 3 unidades,https://www.dia.es/limpieza-y-hogar/utensilios-de-limpieza/p/139345,https://www.dia.es/product_images/139345/139345_ISO_0_ES.jpg?imwidth=392,"1,80 €",No disponible,No disponible,"(0,60 €/UNIDAD)"
Fregona estampada Super Paco de Dia bolsa 1 unidad,https://www.dia.es/limpieza-y-hogar/utensilios-de-limpieza/p/297426,https://www.dia.es/product_images/297426/297426_ISO_0_ES.jpg?imwidth=392,"1,40 €",No disponible,No disponible,"(1,40 €/UNIDAD)"
Bayeta de microfibra cristales Super Paco de Dia bolsa 1 unidad,https://www.dia.es/limpieza-y-hogar/utensilios-de-limpieza/p/288571,https://www.dia.es/product_images/288571/288571_ISO_0_ES.jpg?imwidth=392,"0,85 €",No disponible,No disponible,"(0,85 €/UNIDAD)"
Recogedor antivuelco gris y celeste Sp berner 1 unidad,https://www.dia.es/limpieza-y-hogar/utensilios-de-limpieza/p/291838,https://www.dia.es/product_images/291838/291838_ISO_0_ES.jpg?imwidth=392,"2,45 €",No disponible,No disponible,"(2,45 €/UNIDAD)"
Bayeta posavajillas Super Paco de Dia bolsa 1 unidad,https://www.dia.es/limpieza-y-hogar/utensilios-de-limpieza/p/288575,https://www.dia.es/product_images/288575/288575_ISO_0_ES.jpg?imwidth=392,"1,15 €",No disponible,No disponible,"(1,15 €/UNIDAD)"
Guantes satinados de látex talla M Super Paco de Dia bolsa 2 unidades,https://www.dia.es/limpieza-y-hogar/utensilios-de-limpieza/p/270114,https://www.dia.es/product_images/270114/270114_ISO_0_ES.jpg?imwidth=392,"0,76 €",No disponible,No disponible,"(0,38 €/UNIDAD)"
Borrador mágico Super Paco de Dia bolsa 3 unidades,https://www.dia.es/limpieza-y-hogar/utensilios-de-limpieza/p/288588,https://www.dia.es/product_images/288588/288588_ISO_0_ES.jpg?imwidth=392,"1,45 €",No disponible,No disponible,"(0,48 €/UNIDAD)"
Bayeta amarilla super absorbente y extra suave Ballerina bolsa 4 unidades,https://www.dia.es/limpieza-y-hogar/utensilios-de-limpieza/p/48325,https://www.dia.es/product_images/48325/48325_ISO_0_ES.jpg?imwidth=392,"2,49 €",No disponible,No disponible,"(0,62 €/UNIDAD)"
Bolsa de basura con autocierre azul 30 lt Super Paco de Dia 30 unidades,https://www.dia.es/limpieza-y-hogar/bolsas-de-basura/p/269319,https://www.dia.es/product_images/269319/269319_ISO_0_ES.jpg?imwidth=392,"1,59 €",No disponible,No disponible,"(0,05 €/UNIDAD)"
Bolsa de basura con autocierre 50 lt Super Paco de Dia 15 unidades,https://www.dia.es/limpieza-y-hogar/bolsas-de-basura/p/269321,https://www.dia.es/product_images/269321/269321_ISO_0_ES.jpg?imwidth=392,"1,60 €",No disponible,No disponible,"(0,11 €/UNIDAD)"
Bolsa de basura con autocierre perfumada 30 lt Super Paco de Dia 20 unidades,https://www.dia.es/limpieza-y-hogar/bolsas-de-basura/p/269322,https://www.dia.es/product_images/269322/269322_ISO_0_ES.jpg?imwidth=392,"1,50 €",No disponible,No disponible,"(0,08 €/UNIDAD)"
Bolsa de basura con autocierre amarilla 30 lt Super Paco de Dia 30 unidades,https://www.dia.es/limpieza-y-hogar/bolsas-de-basura/p/269320,https://www.dia.es/product_images/269320/269320_ISO_0_ES.jpg?imwidth=392,"1,65 €",No disponible,No disponible,"(0,06 €/UNIDAD)"
Bolsas de basura autocierre perfumadas 10 lt Super Paco de Dia 30 unidades,https://www.dia.es/limpieza-y-hogar/bolsas-de-basura/p/269323,https://www.dia.es/product_images/269323/269323_ISO_0_ES.jpg?imwidth=392,"1,01 €",No disponible,No disponible,"(0,03 €/UNIDAD)"
Bolsa de basura comunidad 120 lt Super Paco de Dia 10 unidades,https://www.dia.es/limpieza-y-hogar/bolsas-de-basura/p/269318,https://www.dia.es/product_images/269318/269318_ISO_0_ES.jpg?imwidth=392,"1,55 €",No disponible,No disponible,"(0,16 €/UNIDAD)"
Bolsa de basura compostable con autocierre 10 lt Super Paco de Dia 15 unidades,https://www.dia.es/limpieza-y-hogar/bolsas-de-basura/p/265000,https://www.dia.es/product_images/265000/265000_ISO_0_ES.jpg?imwidth=392,"1,75 €",No disponible,No disponible,"(0,12 €/UNIDAD)"
Lejía con detergente Dia garrafa 2 l,https://www.dia.es/limpieza-y-hogar/lejia-y-otros-quimicos/p/1662,https://www.dia.es/product_images/1662/1662_ISO_0_ES.jpg?imwidth=392,"1,15 €",No disponible,No disponible,"(0,58 €/LITRO)"
Lejía Dia garrafa 5 l,https://www.dia.es/limpieza-y-hogar/lejia-y-otros-quimicos/p/68802,https://www.dia.es/product_images/68802/68802_ISO_0_ES.jpg?imwidth=392,"1,69 €",No disponible,No disponible,"(0,34 €/LITRO)"
Lejía con detergente Cloromax garrafa 2 l,https://www.dia.es/limpieza-y-hogar/lejia-y-otros-quimicos/p/152111,https://www.dia.es/product_images/152111/152111_ISO_0_ES.jpg?imwidth=392,"1,65 €",No disponible,No disponible,"(0,83 €/LITRO)"
Lejía con detergente limón Dia garrafa 2 l,https://www.dia.es/limpieza-y-hogar/lejia-y-otros-quimicos/p/252380,https://www.dia.es/product_images/252380/252380_ISO_0_ES.jpg?imwidth=392,"1,00 €",No disponible,No disponible,"(0,50 €/LITRO)"
Amoniaco perfumado Dia botella 1.5 l,https://www.dia.es/limpieza-y-hogar/lejia-y-otros-quimicos/p/59626,https://www.dia.es/product_images/59626/59626_ISO_0_ES.jpg?imwidth=392,"0,65 €",No disponible,No disponible,"(0,43 €/LITRO)"
Lejía hogar garrafa amarilla Dia garrafa 2 l,https://www.dia.es/limpieza-y-hogar/lejia-y-otros-quimicos/p/49695,https://www.dia.es/product_images/49695/49695_ISO_0_ES.jpg?imwidth=392,"0,80 €",No disponible,No disponible,"(0,40 €/LITRO)"
Lejía densa hogar Dia garrafa 2 l,https://www.dia.es/limpieza-y-hogar/lejia-y-otros-quimicos/p/129117,https://www.dia.es/product_images/129117/129117_ISO_0_ES.jpg?imwidth=392,"1,15 €",No disponible,No disponible,"(0,58 €/LITRO)"
Lejía con detergente limón Estrella botella 1.43 l,https://www.dia.es/limpieza-y-hogar/lejia-y-otros-quimicos/p/283975,https://www.dia.es/product_images/283975/283975_ISO_0_ES.jpg?imwidth=392,"2,65 €",No disponible,No disponible,"(1,85 €/LITRO)"
Quitamanchas oxy blanco puro Neutrex botella 950 ml,https://www.dia.es/limpieza-y-hogar/lejia-y-otros-quimicos/p/289192,https://www.dia.es/product_images/289192/289192_ISO_0_ES.jpg?imwidth=392,"3,99 €",No disponible,No disponible,"(4,20 €/LITRO)"
Amoniaco con detergente Dia botella 1.5 l,https://www.dia.es/limpieza-y-hogar/lejia-y-otros-quimicos/p/277569,https://www.dia.es/product_images/277569/277569_ISO_0_ES.jpg?imwidth=392,"0,95 €",No disponible,No disponible,"(0,63 €/LITRO)"
Lejía con detergente azul Estrella botella 1.43 l,https://www.dia.es/limpieza-y-hogar/lejia-y-otros-quimicos/p/283974,https://www.dia.es/product_images/283974/283974_ISO_0_ES.jpg?imwidth=392,"2,65 €",No disponible,No disponible,"(1,85 €/LITRO)"
Quitamanchas Vanish spray 750 ml,https://www.dia.es/limpieza-y-hogar/lejia-y-otros-quimicos/p/282715,https://www.dia.es/product_images/282715/282715_ISO_0_ES.jpg?imwidth=392,"4,39 €",No disponible,No disponible,"(5,85 €/LITRO)"
Blanqueador Blanco Nuclear 120 g,https://www.dia.es/limpieza-y-hogar/lejia-y-otros-quimicos/p/151828,https://www.dia.es/product_images/151828/151828_ISO_0_ES.jpg?imwidth=392,"2,89 €",No disponible,No disponible,"(24,08 €/KILO)"
Lejía todo uso Cloromax garrafa 5 l,https://www.dia.es/limpieza-y-hogar/lejia-y-otros-quimicos/p/152110,https://www.dia.es/product_images/152110/152110_ISO_0_ES.jpg?imwidth=392,"2,19 €",No disponible,No disponible,"(0,44 €/LITRO)"
Quitamanchas oxy color Neutrex botella 950 ml,https://www.dia.es/limpieza-y-hogar/lejia-y-otros-quimicos/p/289191,https://www.dia.es/product_images/289191/289191_ISO_0_ES.jpg?imwidth=392,"3,99 €",No disponible,No disponible,"(4,20 €/LITRO)"
Agua fuerte Dia botella 1 l,https://www.dia.es/limpieza-y-hogar/lejia-y-otros-quimicos/p/129118,https://www.dia.es/product_images/129118/129118_ISO_0_ES.jpg?imwidth=392,"0,99 €",No disponible,No disponible,"(0,99 €/LITRO)"
Quitamanchas original sin lejía KH-7 spray 780 ml,https://www.dia.es/limpieza-y-hogar/lejia-y-otros-quimicos/p/300869,https://www.dia.es/product_images/300869/300869_ISO_0_ES.jpg?imwidth=392,"5,29 €",No disponible,No disponible,"(6,78 €/LITRO)"
Aditivo desinfectante textil Sanytol botella 500 ml,https://www.dia.es/limpieza-y-hogar/lejia-y-otros-quimicos/p/217670,https://www.dia.es/product_images/217670/217670_ISO_0_ES.jpg?imwidth=392,"2,99 €",No disponible,No disponible,"(5,98 €/LITRO)"
Quitamanchas Vanish botella 900 ml,https://www.dia.es/limpieza-y-hogar/lejia-y-otros-quimicos/p/44957,https://www.dia.es/product_images/44957/44957_ISO_0_ES.jpg?imwidth=392,"5,49 €",No disponible,No disponible,"(6,10 €/LITRO)"
Aditivo desinfectante textil Lysol botella 720 ml,https://www.dia.es/limpieza-y-hogar/lejia-y-otros-quimicos/p/269253,https://www.dia.es/product_images/269253/269253_ISO_0_ES.jpg?imwidth=392,"2,75 €",No disponible,No disponible,"(3,82 €/LITRO)"
Friegasuelos aroma spa Super Paco de Dia botella 1.5 l,https://www.dia.es/limpieza-y-hogar/cristales-y-suelos/p/269405,https://www.dia.es/product_images/269405/269405_ISO_0_ES.jpg?imwidth=392,"0,95 €",No disponible,No disponible,"(0,63 €/LITRO)"
Friegasuelos aroma pino Super Paco de Dia botella 1.5 l,https://www.dia.es/limpieza-y-hogar/cristales-y-suelos/p/269404,https://www.dia.es/product_images/269404/269404_ISO_0_ES.jpg?imwidth=392,"0,95 €",No disponible,No disponible,"(0,63 €/LITRO)"
Limpiacristales Super Paco de Dia spray 1 l,https://www.dia.es/limpieza-y-hogar/cristales-y-suelos/p/274782,https://www.dia.es/product_images/274782/274782_ISO_0_ES.jpg?imwidth=392,"1,00 €",No disponible,No disponible,"(1,00 €/LITRO)"
Friegasuelos aroma colonia Super Paco de Dia botella 1.5 l,https://www.dia.es/limpieza-y-hogar/cristales-y-suelos/p/269402,https://www.dia.es/product_images/269402/269402_ISO_0_ES.jpg?imwidth=392,"0,95 €",No disponible,No disponible,"(0,63 €/LITRO)"
Friegasuelos concentrado rosa Super Paco de Dia botella 1 l,https://www.dia.es/limpieza-y-hogar/cristales-y-suelos/p/269406,https://www.dia.es/product_images/269406/269406_ISO_0_ES.jpg?imwidth=392,"1,70 €",No disponible,No disponible,"(1,70 €/LITRO)"
Friegasuelos concentrado cítrico Super Paco de Dia botella 1 l,https://www.dia.es/limpieza-y-hogar/cristales-y-suelos/p/272371,https://www.dia.es/product_images/272371/272371_ISO_0_ES.jpg?imwidth=392,"1,70 €",No disponible,No disponible,"(1,70 €/LITRO)"
Friegasuelos aroma limón Super Paco de Dia botella 1.5 l,https://www.dia.es/limpieza-y-hogar/cristales-y-suelos/p/269403,https://www.dia.es/product_images/269403/269403_ISO_0_ES.jpg?imwidth=392,"0,95 €",No disponible,No disponible,"(0,63 €/LITRO)"
Limpiador jabonoso madera Tenso pro botella 1 l,https://www.dia.es/limpieza-y-hogar/cristales-y-suelos/p/289425,https://www.dia.es/product_images/289425/289425_ISO_0_ES.jpg?imwidth=392,"1,95 €",No disponible,No disponible,"(1,95 €/LITRO)"
Limpiador concentrado para suelos y superficies Sanicentro botella 1.5 l,https://www.dia.es/limpieza-y-hogar/cristales-y-suelos/p/199405,https://www.dia.es/product_images/199405/199405_ISO_0_ES.jpg?imwidth=392,"2,49 €",No disponible,No disponible,"(1,66 €/LITRO)"
Limpiacristales cristalino Cristasol spray 750 ml,https://www.dia.es/limpieza-y-hogar/cristales-y-suelos/p/39574,https://www.dia.es/product_images/39574/39574_ISO_0_ES.jpg?imwidth=392,"2,59 €",No disponible,No disponible,"(3,45 €/LITRO)"
Toallitas limpiagafas Super Paco de Dia caja 30 unidades,https://www.dia.es/limpieza-y-hogar/cristales-y-suelos/p/51517,https://www.dia.es/product_images/51517/51517_ISO_0_ES.jpg?imwidth=392,"1,50 €",No disponible,No disponible,"(0,05 €/UNIDAD)"
Fregasuelos concentrado con perfume intenso Asevi botella 900 ml,https://www.dia.es/limpieza-y-hogar/cristales-y-suelos/p/221025,https://www.dia.es/product_images/221025/221025_ISO_0_ES.jpg?imwidth=392,"2,45 €",No disponible,No disponible,"(2,72 €/LITRO)"
Fregasuelos concentrado aroma naranja Asevi botella 900 ml,https://www.dia.es/limpieza-y-hogar/cristales-y-suelos/p/221081,https://www.dia.es/product_images/221081/221081_ISO_0_ES.jpg?imwidth=392,"2,45 €",No disponible,No disponible,"(2,72 €/LITRO)"
Limpiacristales cristalino recambio Cristasol botella 750 ml,https://www.dia.es/limpieza-y-hogar/cristales-y-suelos/p/303188,https://www.dia.es/product_images/303188/303188_ISO_0_ES.jpg?imwidth=392,"2,29 €",No disponible,No disponible,"(3,05 €/LITRO)"
Limpiador multiusos lavanda Disiclin 1 l,https://www.dia.es/limpieza-y-hogar/cristales-y-suelos/p/188985,https://www.dia.es/product_images/188985/188985_ISO_0_ES.jpg?imwidth=392,"1,75 €",No disponible,No disponible,"(1,75 €/LITRO)"
Cera para suelos y madera Tenso pro botella 1 l,https://www.dia.es/limpieza-y-hogar/cristales-y-suelos/p/294395,https://www.dia.es/product_images/294395/294395_ISO_0_ES.jpg?imwidth=392,"2,99 €",No disponible,No disponible,"(2,99 €/LITRO)"
Limpiador jabonoso de madera Pronto botella 750 ml,https://www.dia.es/limpieza-y-hogar/cristales-y-suelos/p/54278,https://www.dia.es/product_images/54278/54278_ISO_0_ES.jpg?imwidth=392,"4,99 €",No disponible,No disponible,"(6,65 €/LITRO)"
Vinagre de limpieza Powervin botella 1 l,https://www.dia.es/limpieza-y-hogar/limpia-muebles-y-multiusos/p/304341,https://www.dia.es/product_images/304341/304341_ISO_0_ES.jpg?imwidth=392,"0,90 €",No disponible,No disponible,"(0,90 €/LITRO)"
Limpiador multiusos Super Paco de Dia spray 1 l,https://www.dia.es/limpieza-y-hogar/limpia-muebles-y-multiusos/p/274788,https://www.dia.es/product_images/274788/274788_ISO_0_ES.jpg?imwidth=392,"1,30 €",No disponible,No disponible,"(1,30 €/LITRO)"
Limpiador oxígeno activo Super Paco de Dia botella 1 l,https://www.dia.es/limpieza-y-hogar/limpia-muebles-y-multiusos/p/274790,https://www.dia.es/product_images/274790/274790_ISO_0_ES.jpg?imwidth=392,"1,35 €",No disponible,No disponible,"(1,35 €/LITRO)"
Limpiahogar ph neutro Super Paco de Dia botella 1.5 l,https://www.dia.es/limpieza-y-hogar/limpia-muebles-y-multiusos/p/274791,https://www.dia.es/product_images/274791/274791_ISO_0_ES.jpg?imwidth=392,"1,55 €",No disponible,No disponible,"(1,03 €/LITRO)"
Limpiador desinfectante multiusos Sanytol spray 750 ml,https://www.dia.es/limpieza-y-hogar/limpia-muebles-y-multiusos/p/154785,https://www.dia.es/product_images/154785/154785_ISO_0_ES.jpg?imwidth=392,"2,99 €",No disponible,No disponible,"(3,99 €/LITRO)"
Limpiamuebles cuidado experto madera classic Pronto spray 250 ml,https://www.dia.es/limpieza-y-hogar/limpia-muebles-y-multiusos/p/293307,https://www.dia.es/product_images/293307/293307_ISO_0_ES.jpg?imwidth=392,"2,89 €",No disponible,No disponible,"(11,56 €/LITRO)"
Limpiador potente Super Paco de Dia spray 1 l,https://www.dia.es/limpieza-y-hogar/limpia-muebles-y-multiusos/p/301082,https://www.dia.es/product_images/301082/301082_ISO_0_ES.jpg?imwidth=392,"1,85 €",No disponible,No disponible,"(1,85 €/LITRO)"
Toallitas limpiadoras multiusos Super Paco de Dia bolsa 80 unidades,https://www.dia.es/limpieza-y-hogar/limpia-muebles-y-multiusos/p/2775,https://www.dia.es/product_images/2775/2775_ISO_0_ES.jpg?imwidth=392,"1,99 €",No disponible,No disponible,"(0,02 €/UNIDAD)"
Desengrasante cítrico Super Paco de Dia spray 1 l,https://www.dia.es/limpieza-y-hogar/limpia-muebles-y-multiusos/p/301081,https://www.dia.es/product_images/301081/301081_ISO_0_ES.jpg?imwidth=392,"1,85 €",No disponible,No disponible,"(1,85 €/LITRO)"
Limpiador gel baño Super Paco de Dia botella 1.5 l,https://www.dia.es/limpieza-y-hogar/limpia-muebles-y-multiusos/p/274787,https://www.dia.es/product_images/274787/274787_ISO_0_ES.jpg?imwidth=392,"1,45 €",No disponible,No disponible,"(0,97 €/LITRO)"
Alcohol de limpieza perfumado Super Paco de Dia spray 300 ml,https://www.dia.es/limpieza-y-hogar/limpia-muebles-y-multiusos/p/265954,https://www.dia.es/product_images/265954/265954_ISO_0_ES.jpg?imwidth=392,"1,65 €",No disponible,No disponible,"(5,50 €/LITRO)"
Quitagrasas líquido original KH-7 spray 780 ml,https://www.dia.es/limpieza-y-hogar/limpia-muebles-y-multiusos/p/283410,https://www.dia.es/product_images/283410/283410_ISO_0_ES.jpg?imwidth=392,"3,69 €",No disponible,No disponible,"(4,73 €/LITRO)"
Limpiamuebles Hechicera spray 400 ml,https://www.dia.es/limpieza-y-hogar/limpia-muebles-y-multiusos/p/275611,https://www.dia.es/product_images/275611/275611_ISO_0_ES.jpg?imwidth=392,"3,19 €",No disponible,No disponible,"(7,98 €/LITRO)"
Limpiador desinfectante limpiahogar Sanytol botella 1.2 l,https://www.dia.es/limpieza-y-hogar/limpia-muebles-y-multiusos/p/153923,https://www.dia.es/product_images/153923/153923_ISO_0_ES.jpg?imwidth=392,"3,25 €",No disponible,No disponible,"(2,71 €/LITRO)"
Desinfectante multiusos gerpostar plus Asevi botella 750 ml,https://www.dia.es/limpieza-y-hogar/limpia-muebles-y-multiusos/p/223244,https://www.dia.es/product_images/223244/223244_ISO_0_ES.jpg?imwidth=392,"2,55 €",No disponible,No disponible,"(3,40 €/LITRO)"
Limpiador multiusos con lejía Sanicentro spray 750 ml,https://www.dia.es/limpieza-y-hogar/limpia-muebles-y-multiusos/p/297420,https://www.dia.es/product_images/297420/297420_ISO_0_ES.jpg?imwidth=392,"2,25 €",No disponible,No disponible,"(3,00 €/LITRO)"
Limpiador desinfectante baños Sanytol spray 750 ml,https://www.dia.es/limpieza-y-hogar/limpia-muebles-y-multiusos/p/188482,https://www.dia.es/product_images/188482/188482_ISO_0_ES.jpg?imwidth=392,"3,25 €",No disponible,No disponible,"(4,33 €/LITRO)"
Recarga limpiador desinfectante multiusos eucaliptus Sanytol bolsa 750 ml,https://www.dia.es/limpieza-y-hogar/limpia-muebles-y-multiusos/p/295847,https://www.dia.es/product_images/295847/295847_ISO_0_ES.jpg?imwidth=392,"2,49 €",No disponible,No disponible,"(3,32 €/LITRO)"
Limpiahogar pino con bioalcohol Super Paco de Dia botella 1.5 l,https://www.dia.es/limpieza-y-hogar/limpia-muebles-y-multiusos/p/274792,https://www.dia.es/product_images/274792/274792_ISO_0_ES.jpg?imwidth=392,"1,60 €",No disponible,No disponible,"(1,07 €/LITRO)"
Limpiador de hogar multiusos lavanda Ajax botella 1.25 l,https://www.dia.es/limpieza-y-hogar/limpia-muebles-y-multiusos/p/157027,https://www.dia.es/product_images/157027/157027_ISO_0_ES.jpg?imwidth=392,"2,69 €",No disponible,No disponible,"(2,15 €/LITRO)"
Gel limpiador wc lejía perfumada Super Paco de Dia botella 1 l,https://www.dia.es/limpieza-y-hogar/limpieza-bano-y-wc/p/269409,https://www.dia.es/product_images/269409/269409_ISO_0_ES.jpg?imwidth=392,"0,95 €",No disponible,No disponible,"(0,95 €/LITRO)"
Gel limpiador wc azul marino Super Paco de Dia botella 1 l,https://www.dia.es/limpieza-y-hogar/limpieza-bano-y-wc/p/269407,https://www.dia.es/product_images/269407/269407_ISO_0_ES.jpg?imwidth=392,"1,15 €",No disponible,No disponible,"(1,15 €/LITRO)"
Gel limpiador wc pino Super Paco de Dia botella 1 l,https://www.dia.es/limpieza-y-hogar/limpieza-bano-y-wc/p/269408,https://www.dia.es/product_images/269408/269408_ISO_0_ES.jpg?imwidth=392,"1,15 €",No disponible,No disponible,"(1,15 €/LITRO)"
Colgador para wc floral Super Paco de Dia blister 2 unidades,https://www.dia.es/limpieza-y-hogar/limpieza-bano-y-wc/p/285543,https://www.dia.es/product_images/285543/285543_ISO_0_ES.jpg?imwidth=392,"1,69 €",No disponible,No disponible,"(0,85 €/UNIDAD)"
Colgador para wc agua azul Super Paco de Dia blister 2 unidades,https://www.dia.es/limpieza-y-hogar/limpieza-bano-y-wc/p/285544,https://www.dia.es/product_images/285544/285544_ISO_0_ES.jpg?imwidth=392,"1,69 €",No disponible,No disponible,"(0,85 €/UNIDAD)"
Gel desatascador para tuberías Super Paco de Dia botella 1 l,https://www.dia.es/limpieza-y-hogar/limpieza-bano-y-wc/p/274783,https://www.dia.es/product_images/274783/274783_ISO_0_ES.jpg?imwidth=392,"1,85 €",No disponible,No disponible,"(1,85 €/LITRO)"
Colgador para wc limón Super Paco de Dia blister 2 unidades,https://www.dia.es/limpieza-y-hogar/limpieza-bano-y-wc/p/285541,https://www.dia.es/product_images/285541/285541_ISO_0_ES.jpg?imwidth=392,"1,69 €",No disponible,No disponible,"(0,85 €/UNIDAD)"
Gel desinfectante wc con lejía frescor cítrico Sanicentro botella 1 l,https://www.dia.es/limpieza-y-hogar/limpieza-bano-y-wc/p/199564,https://www.dia.es/product_images/199564/199564_ISO_0_ES.jpg?imwidth=392,"1,95 €",No disponible,No disponible,"(1,95 €/LITRO)"
Block wc pino poder activo Bref blister 2 unidades,https://www.dia.es/limpieza-y-hogar/limpieza-bano-y-wc/p/170686,https://www.dia.es/product_images/170686/170686_ISO_0_ES.jpg?imwidth=392,"2,95 €",No disponible,No disponible,"(1,48 €/UNIDAD)"
Colgador para wc pino Super Paco de Dia blister 2 unidades,https://www.dia.es/limpieza-y-hogar/limpieza-bano-y-wc/p/285542,https://www.dia.es/product_images/285542/285542_ISO_0_ES.jpg?imwidth=392,"1,69 €",No disponible,No disponible,"(0,85 €/UNIDAD)"
Gel desinfectante wc aroma fresco Sanicentro botella 1 l,https://www.dia.es/limpieza-y-hogar/limpieza-bano-y-wc/p/289546,https://www.dia.es/product_images/289546/289546_ISO_0_ES.jpg?imwidth=392,"1,95 €",No disponible,No disponible,"(1,95 €/LITRO)"
Limpiador de baño con bioalcohol Tenn botella 1.3 l,https://www.dia.es/limpieza-y-hogar/limpieza-bano-y-wc/p/153627,https://www.dia.es/product_images/153627/153627_ISO_0_ES.jpg?imwidth=392,"3,69 €",No disponible,No disponible,"(2,84 €/LITRO)"
Gel limpiador wc 3 en 1 océano Pato botella 750 ml,https://www.dia.es/limpieza-y-hogar/limpieza-bano-y-wc/p/1856,https://www.dia.es/product_images/1856/1856_ISO_0_ES.jpg?imwidth=392,"2,99 €",No disponible,No disponible,"(3,99 €/LITRO)"
Discos activos aroma lima fresca Pato caja 2 unidades,https://www.dia.es/limpieza-y-hogar/limpieza-bano-y-wc/p/146241,https://www.dia.es/product_images/146241/146241_ISO_0_ES.jpg?imwidth=392,"5,29 €",No disponible,No disponible,"(2,65 €/UNIDAD)"
Desatascador de tuberías cabellos WC Net garrafa 1 l,https://www.dia.es/limpieza-y-hogar/limpieza-bano-y-wc/p/162323,https://www.dia.es/product_images/162323/162323_ISO_0_ES.jpg?imwidth=392,"6,99 €",No disponible,No disponible,"(6,99 €/LITRO)"
Block wc azul poder activo Bref blister 1 unidad,https://www.dia.es/limpieza-y-hogar/limpieza-bano-y-wc/p/210850,https://www.dia.es/product_images/210850/210850_ISO_0_ES.jpg?imwidth=392,"2,15 €",No disponible,No disponible,"(2,15 €/UNIDAD)"
Discos activos aparato aroma lima Pato blister 1 unidad,https://www.dia.es/limpieza-y-hogar/limpieza-bano-y-wc/p/146104,https://www.dia.es/product_images/146104/146104_ISO_0_ES.jpg?imwidth=392,"3,49 €",No disponible,No disponible,"(0,58 €/UNIDAD)"
Block wc deluxe delicate magnolia Bref blister 1 unidad,https://www.dia.es/limpieza-y-hogar/limpieza-bano-y-wc/p/275983,https://www.dia.es/product_images/275983/275983_ISO_0_ES.jpg?imwidth=392,"2,19 €",No disponible,No disponible,"(2,19 €/UNIDAD)"
Gel denso desatascador WC Net botella 1 l,https://www.dia.es/limpieza-y-hogar/limpieza-bano-y-wc/p/186686,https://www.dia.es/product_images/186686/186686_ISO_0_ES.jpg?imwidth=392,"6,99 €",No disponible,No disponible,"(6,99 €/LITRO)"
Limpiador de vitrocerámica Super Paco de Dia spray 500 ml,https://www.dia.es/limpieza-y-hogar/limpieza-cocina-y-vitroceramica/p/274781,https://www.dia.es/product_images/274781/274781_ISO_0_ES.jpg?imwidth=392,"1,75 €",No disponible,No disponible,"(3,50 €/LITRO)"
Limpiador de vitrocerámica en crema Super Paco de Dia botella 500 ml,https://www.dia.es/limpieza-y-hogar/limpieza-cocina-y-vitroceramica/p/274780,https://www.dia.es/product_images/274780/274780_ISO_0_ES.jpg?imwidth=392,"2,00 €",No disponible,No disponible,"(4,00 €/LITRO)"
Limpiador vitrocerámica crema Vitroclen botella 200 ml,https://www.dia.es/limpieza-y-hogar/limpieza-cocina-y-vitroceramica/p/130058,https://www.dia.es/product_images/130058/130058_ISO_0_ES.jpg?imwidth=392,"3,89 €",No disponible,No disponible,"(19,45 €/LITRO)"
Papel de aluminio Super Paco de Dia caja 30 m,https://www.dia.es/limpieza-y-hogar/papel-de-aluminio-horno-y-film/p/269324,https://www.dia.es/product_images/269324/269324_ISO_0_ES.jpg?imwidth=392,"2,05 €",No disponible,No disponible,"(0,07 €/METRO)"
Papel de horno Super Paco de Dia caja 20 unidades,https://www.dia.es/limpieza-y-hogar/papel-de-aluminio-horno-y-film/p/288355,https://www.dia.es/product_images/288355/288355_ISO_0_ES.jpg?imwidth=392,"1,13 €",No disponible,No disponible,"(0,06 €/UNIDAD)"
Film transparente Super Paco de Dia caja 80 m,https://www.dia.es/limpieza-y-hogar/papel-de-aluminio-horno-y-film/p/269325,https://www.dia.es/product_images/269325/269325_ISO_0_ES.jpg?imwidth=392,"1,60 €",No disponible,No disponible,"(0,02 €/METRO)"
Bolsas de congelación 4 litros Super Paco de Dia caja 30 unidades,https://www.dia.es/limpieza-y-hogar/papel-de-aluminio-horno-y-film/p/288352,https://www.dia.es/product_images/288352/288352_ISO_0_ES.jpg?imwidth=392,"0,68 €",No disponible,No disponible,"(0,02 €/UNIDAD)"
Papel para freidora de aire Super Paco de Dia bolsa 25 unidades,https://www.dia.es/limpieza-y-hogar/papel-de-aluminio-horno-y-film/p/301380,https://www.dia.es/product_images/301380/301380_ISO_0_ES.jpg?imwidth=392,"1,99 €",No disponible,No disponible,"(0,08 €/UNIDAD)"
Bolsas de congelación doble zip 1 litro Super Paco de Dia caja 20 unidades,https://www.dia.es/limpieza-y-hogar/papel-de-aluminio-horno-y-film/p/297913,https://www.dia.es/product_images/297913/297913_ISO_0_ES.jpg?imwidth=392,"1,20 €",No disponible,No disponible,"(0,06 €/UNIDAD)"
Bolsas de congelación doble zip 3 litros Super Paco de Dia caja 15 unidades,https://www.dia.es/limpieza-y-hogar/papel-de-aluminio-horno-y-film/p/297915,https://www.dia.es/product_images/297915/297915_ISO_0_ES.jpg?imwidth=392,"1,30 €",No disponible,No disponible,"(0,09 €/UNIDAD)"
Bolsas de papel para bocadillo Super Paco de Dia caja 25 unidades,https://www.dia.es/limpieza-y-hogar/papel-de-aluminio-horno-y-film/p/288350,https://www.dia.es/product_images/288350/288350_ISO_0_ES.jpg?imwidth=392,"1,99 €",No disponible,No disponible,"(0,08 €/UNIDAD)"
Film transparente 30 m Albal caja 30 m,https://www.dia.es/limpieza-y-hogar/papel-de-aluminio-horno-y-film/p/251040,https://www.dia.es/product_images/251040/251040_ISO_0_ES.jpg?imwidth=392,"2,55 €",No disponible,No disponible,"(0,09 €/METRO)"
Insecticida moscas y mosquitos perfumado Aniquilax spray 750 ml,https://www.dia.es/limpieza-y-hogar/insecticidas/p/297947,https://www.dia.es/product_images/297947/297947_ISO_0_ES.jpg?imwidth=392,"2,15 €",No disponible,No disponible,"(2,87 €/LITRO)"
Insecticida moscas y mosquitos sin perfume Aniquilax spray 750 ml,https://www.dia.es/limpieza-y-hogar/insecticidas/p/297949,https://www.dia.es/product_images/297949/297949_ISO_0_ES.jpg?imwidth=392,"2,15 €",No disponible,No disponible,"(2,87 €/LITRO)"
Insecticida cucarachas y hormigas Aniquilax de Dia spray 400 ml,https://www.dia.es/limpieza-y-hogar/insecticidas/p/297941,https://www.dia.es/product_images/297941/297941_ISO_0_ES.jpg?imwidth=392,"2,70 €",No disponible,No disponible,"(6,75 €/LITRO)"
Colgador antipolillas lavanda Aniquilax bolsa 2 unidades,https://www.dia.es/limpieza-y-hogar/insecticidas/p/285562,https://www.dia.es/product_images/285562/285562_ISO_0_ES.jpg?imwidth=392,"1,25 €",No disponible,No disponible,"(0,63 €/UNIDAD)"
Pastillas antipolillas lavanda Aniquilax bolsa 24 unidades,https://www.dia.es/limpieza-y-hogar/insecticidas/p/285561,https://www.dia.es/product_images/285561/285561_ISO_0_ES.jpg?imwidth=392,"1,20 €",No disponible,No disponible,"(0,05 €/UNIDAD)"
Colgador antipolillas ropa limpia Aniquilax bolsa 2 unidades,https://www.dia.es/limpieza-y-hogar/insecticidas/p/285563,https://www.dia.es/product_images/285563/285563_ISO_0_ES.jpg?imwidth=392,"1,25 €",No disponible,No disponible,"(0,63 €/UNIDAD)"
Pastillas antipolillas ropa limpia Aniquilax bolsa 24 unidades,https://www.dia.es/limpieza-y-hogar/insecticidas/p/285560,https://www.dia.es/product_images/285560/285560_ISO_0_ES.jpg?imwidth=392,"1,20 €",No disponible,No disponible,"(0,05 €/UNIDAD)"
Insecticida eléctrico antimosquitos recambio Aniquilax caja 1 unidad,https://www.dia.es/limpieza-y-hogar/insecticidas/p/297946,https://www.dia.es/product_images/297946/297946_ISO_0_ES.jpg?imwidth=392,"2,49 €",No disponible,No disponible,"(2,49 €/UNIDAD)"
Insecticida eléctrico antimosquitos difusor + recambio Aniquilax caja 1 unidad,https://www.dia.es/limpieza-y-hogar/insecticidas/p/297944,https://www.dia.es/product_images/297944/297944_ISO_0_ES.jpg?imwidth=392,"3,75 €",No disponible,No disponible,"(3,75 €/UNIDAD)"
Trampa para cucarachas Casa Jardín caja 6 unidades,https://www.dia.es/limpieza-y-hogar/insecticidas/p/294957,https://www.dia.es/product_images/294957/294957_ISO_0_ES.jpg?imwidth=392,"2,95 €",No disponible,No disponible,"(0,49 €/UNIDAD)"
Insecticida eléctrico anti mosquitos aparato + recambio Raid caja 1 unidad,https://www.dia.es/limpieza-y-hogar/insecticidas/p/161809,https://www.dia.es/product_images/161809/161809_ISO_0_ES.jpg?imwidth=392,"4,99 €",No disponible,No disponible,"(4,99 €/UNIDAD)"
Ambientador ropa limpia Super Paco de Dia spray 300 ml,https://www.dia.es/limpieza-y-hogar/ambientadores/p/296705,https://www.dia.es/product_images/296705/296705_ISO_0_ES.jpg?imwidth=392,"1,00 €",No disponible,No disponible,"(3,33 €/LITRO)"
Ambientador pomelo y sándalo Super Paco de Dia spray 300 ml,https://www.dia.es/limpieza-y-hogar/ambientadores/p/296738,https://www.dia.es/product_images/296738/296738_ISO_0_ES.jpg?imwidth=392,"1,15 €",No disponible,No disponible,"(3,83 €/LITRO)"
Sobre perfume white cotton Imaqe de Dia bolsa 2 unidades,https://www.dia.es/limpieza-y-hogar/ambientadores/p/295284,https://www.dia.es/product_images/295284/295284_ISO_0_ES.jpg?imwidth=392,"1,99 €",No disponible,No disponible,"(1,00 €/UNIDAD)"
Ambientador mikado white cotton Imaqe de Dia caja 40 ml,https://www.dia.es/limpieza-y-hogar/ambientadores/p/295809,https://www.dia.es/product_images/295809/295809_ISO_0_ES.jpg?imwidth=392,"2,15 €",No disponible,No disponible,"(53,75 €/LITRO)"
Ambientador eléctrico jardín de invierno recambio Super Paco de Dia caja 1 unidad,https://www.dia.es/limpieza-y-hogar/ambientadores/p/299138,https://www.dia.es/product_images/299138/299138_ISO_0_ES.jpg?imwidth=392,"1,85 €",No disponible,No disponible,"(1,85 €/UNIDAD)"
Ambientador automático ropa limpia Super Paco de Dia spray 250 ml,https://www.dia.es/limpieza-y-hogar/ambientadores/p/288612,https://www.dia.es/product_images/288612/288612_ISO_0_ES.jpg?imwidth=392,"1,80 €",No disponible,No disponible,"(7,20 €/LITRO)"
Ambientador eléctrico difusor Super Paco de Dia caja 1 unidad,https://www.dia.es/limpieza-y-hogar/ambientadores/p/299131,https://www.dia.es/product_images/299131/299131_ISO_0_ES.jpg?imwidth=392,"1,50 €",No disponible,No disponible,"(1,50 €/UNIDAD)"
Ambientador líquido concentrado blossom Foresan botella 125 ml,https://www.dia.es/limpieza-y-hogar/ambientadores/p/290685,https://www.dia.es/product_images/290685/290685_ISO_0_ES.jpg?imwidth=392,"1,70 €",No disponible,No disponible,"(13,60 €/LITRO)"
Ambientador mikado magnolia Imaqe de Dia caja 40 ml,https://www.dia.es/limpieza-y-hogar/ambientadores/p/295808,https://www.dia.es/product_images/295808/295808_ISO_0_ES.jpg?imwidth=392,"2,15 €",No disponible,No disponible,"(53,75 €/LITRO)"
Ambientador eléctrico mandarina y magnolia recambio Super Paco de Dia caja 1 unidad,https://www.dia.es/limpieza-y-hogar/ambientadores/p/299139,https://www.dia.es/product_images/299139/299139_ISO_0_ES.jpg?imwidth=392,"1,85 €",No disponible,No disponible,"(1,85 €/UNIDAD)"
Ambientador gel aroma flores blancas Super Paco de Dia 150 g,https://www.dia.es/limpieza-y-hogar/ambientadores/p/296701,https://www.dia.es/product_images/296701/296701_ISO_0_ES.jpg?imwidth=392,"1,09 €",No disponible,No disponible,"(7,27 €/KILO)"
Ambientador aroma flores blancas Mayordomo spray 400 ml,https://www.dia.es/limpieza-y-hogar/ambientadores/p/277499,https://www.dia.es/product_images/277499/277499_ISO_0_ES.jpg?imwidth=392,"1,99 €",No disponible,No disponible,"(4,98 €/LITRO)"
Ambientador automático naranjos en flor Super Paco de Dia spray 250 ml,https://www.dia.es/limpieza-y-hogar/ambientadores/p/288613,https://www.dia.es/product_images/288613/288613_ISO_0_ES.jpg?imwidth=392,"1,80 €",No disponible,No disponible,"(7,20 €/LITRO)"
Ambientador eléctrico flores blancas recambio Super Paco de Dia caja 1 unidad,https://www.dia.es/limpieza-y-hogar/ambientadores/p/299137,https://www.dia.es/product_images/299137/299137_ISO_0_ES.jpg?imwidth=392,"1,85 €",No disponible,No disponible,"(1,85 €/UNIDAD)"
Ambientador automático encantos de oriente Super Paco de Dia spray 250 ml,https://www.dia.es/limpieza-y-hogar/ambientadores/p/296395,https://www.dia.es/product_images/296395/296395_ISO_0_ES.jpg?imwidth=392,"1,80 €",No disponible,No disponible,"(7,20 €/LITRO)"
Bolsitas perfumadas flor de naranjo y ámbar Imaqe de Dia 3 unidades,https://www.dia.es/limpieza-y-hogar/ambientadores/p/298340,https://www.dia.es/product_images/298340/298340_ISO_0_ES.jpg?imwidth=392,"1,69 €",No disponible,No disponible,"(0,56 €/UNIDAD)"
Vela perfumada aire limpio Imaqe de Dia caja 1 unidad,https://www.dia.es/limpieza-y-hogar/ambientadores/p/288945,https://www.dia.es/product_images/288945/288945_ISO_0_ES.jpg?imwidth=392,"1,85 €",No disponible,No disponible,"(1,85 €/UNIDAD)"
Ambientador automático flores blancas Super Paco de Dia spray 250 ml,https://www.dia.es/limpieza-y-hogar/ambientadores/p/288610,https://www.dia.es/product_images/288610/288610_ISO_0_ES.jpg?imwidth=392,"1,80 €",No disponible,No disponible,"(7,20 €/LITRO)"
Ambientador perlas perfumadas lima Super Paco de Dia 110 g,https://www.dia.es/limpieza-y-hogar/ambientadores/p/297542,https://www.dia.es/product_images/297542/297542_ISO_0_ES.jpg?imwidth=392,"1,45 €",No disponible,No disponible,"(13,18 €/KILO)"
Ambientador automático pétalos de talco Super Paco de Dia spray 250 ml,https://www.dia.es/limpieza-y-hogar/ambientadores/p/288611,https://www.dia.es/product_images/288611/288611_ISO_0_ES.jpg?imwidth=392,"1,80 €",No disponible,No disponible,"(7,20 €/LITRO)"
Esponja para calzado brillo inmediato incolora Yak caja 1 unidad,https://www.dia.es/limpieza-y-hogar/calzado/p/152698,https://www.dia.es/product_images/152698/152698_ISO_0_ES.jpg?imwidth=392,"1,49 €",No disponible,No disponible,"(1,49 €/UNIDAD)"
Desodorante desinfectante para calzado Sanytol spray 150 ml,https://www.dia.es/limpieza-y-hogar/calzado/p/212817,https://www.dia.es/product_images/212817/212817_ISO_0_ES.jpg?imwidth=392,"3,79 €",No disponible,No disponible,"(25,27 €/LITRO)"
Crema liquida color negro La piel bote 50 ml,https://www.dia.es/limpieza-y-hogar/calzado/p/283345,https://www.dia.es/product_images/283345/283345_ISO_0_ES.jpg?imwidth=392,"1,19 €",No disponible,No disponible,"(23,80 €/LITRO)"
Cerillas Flam'up caja 3 unidades,https://www.dia.es/limpieza-y-hogar/utiles-del-hogar-pilas-bombillas/p/273674,https://www.dia.es/product_images/273674/273674_ISO_0_ES.jpg?imwidth=392,"0,99 €",No disponible,No disponible,"(0,33 €/UNIDAD)"
Pila alcalina aa Varta blister 4 unidades,https://www.dia.es/limpieza-y-hogar/utiles-del-hogar-pilas-bombillas/p/108261,https://www.dia.es/product_images/108261/108261_ISO_0_ES.jpg?imwidth=392,"3,39 €",No disponible,No disponible,"(0,85 €/UNIDAD)"
Pila alcalina aa Cegasa blister 4 unidades,https://www.dia.es/limpieza-y-hogar/utiles-del-hogar-pilas-bombillas/p/191356,https://www.dia.es/product_images/191356/191356_ISO_0_ES.jpg?imwidth=392,"3,69 €",No disponible,No disponible,"(0,92 €/UNIDAD)"
Pila alcalina aaa Varta blister 4 unidades,https://www.dia.es/limpieza-y-hogar/utiles-del-hogar-pilas-bombillas/p/135568,https://www.dia.es/product_images/135568/135568_ISO_0_ES.jpg?imwidth=392,"3,39 €",No disponible,No disponible,"(0,85 €/UNIDAD)"
Mechero mini curve Flam'up blister 3 unidades,https://www.dia.es/limpieza-y-hogar/utiles-del-hogar-pilas-bombillas/p/274066,https://www.dia.es/product_images/274066/274066_ISO_0_ES.jpg?imwidth=392,"2,69 €",No disponible,No disponible,"(2,69 €/UNIDAD)"
Pastillas de encendido Uni fuego caja 36 unidades,https://www.dia.es/limpieza-y-hogar/utiles-del-hogar-pilas-bombillas/p/291310,https://www.dia.es/product_images/291310/291310_ISO_0_ES.jpg?imwidth=392,"1,65 €",No disponible,No disponible,"(0,05 €/UNIDAD)"
Filtro 1x4 para café Melitta caja 40 unidades,https://www.dia.es/limpieza-y-hogar/utiles-del-hogar-pilas-bombillas/p/245467,https://www.dia.es/product_images/245467/245467_ISO_0_ES.jpg?imwidth=392,"2,65 €",No disponible,No disponible,"(0,07 €/UNIDAD)"
Vasos de papel kraft de 24 cl Betik 12 unidades,https://www.dia.es/limpieza-y-hogar/utiles-del-hogar-pilas-bombillas/p/283969,https://www.dia.es/product_images/283969/283969_ISO_0_ES.jpg?imwidth=392,"1,99 €",No disponible,No disponible,"(0,17 €/UNIDAD)"
Pila alcalina aaa Cegasa blister 4 unidades,https://www.dia.es/limpieza-y-hogar/utiles-del-hogar-pilas-bombillas/p/191355,https://www.dia.es/product_images/191355/191355_ISO_0_ES.jpg?imwidth=392,"3,69 €",No disponible,No disponible,"(0,92 €/UNIDAD)"
Pila botón cr2032 Varta blister 2 unidades,https://www.dia.es/limpieza-y-hogar/utiles-del-hogar-pilas-bombillas/p/217453,https://www.dia.es/product_images/217453/217453_ISO_0_ES.jpg?imwidth=392,"3,49 €",No disponible,No disponible,"(1,75 €/UNIDAD)"
Rodillo quitapelusas Scotch brite 1 unidad,https://www.dia.es/limpieza-y-hogar/utiles-del-hogar-pilas-bombillas/p/292412,https://www.dia.es/product_images/292412/292412_ISO_0_ES.jpg?imwidth=392,"2,79 €",No disponible,No disponible,"(2,79 €/UNIDAD)"
Platos de cartón redondo kraft de 22 cm Betik bolsa 20 unidades,https://www.dia.es/limpieza-y-hogar/utiles-del-hogar-pilas-bombillas/p/283970,https://www.dia.es/product_images/283970/283970_ISO_0_ES.jpg?imwidth=392,"1,99 €",No disponible,No disponible,"(0,10 €/UNIDAD)"
Cañitas de papel de 4 colores Betik bolsa 48 unidades,https://www.dia.es/limpieza-y-hogar/utiles-del-hogar-pilas-bombillas/p/284198,https://www.dia.es/product_images/284198/284198_ISO_0_ES.jpg?imwidth=392,"1,39 €",No disponible,No disponible,"(0,03 €/UNIDAD)"
Vasos desechables compostable de 35 cl Betik bolsa 15 unidades,https://www.dia.es/limpieza-y-hogar/utiles-del-hogar-pilas-bombillas/p/283968,https://www.dia.es/product_images/283968/283968_ISO_0_ES.jpg?imwidth=392,"1,99 €",No disponible,No disponible,"(0,13 €/UNIDAD)"
Pila alcalina power aa Varta blister 4 unidades,https://www.dia.es/limpieza-y-hogar/utiles-del-hogar-pilas-bombillas/p/152551,https://www.dia.es/product_images/152551/152551_ISO_0_ES.jpg?imwidth=392,"4,99 €",No disponible,No disponible,"(1,25 €/UNIDAD)"
Briqueta de carbón Los rivera bolsa 3 Kg,https://www.dia.es/limpieza-y-hogar/utiles-del-hogar-pilas-bombillas/p/285790,https://www.dia.es/product_images/285790/285790_ISO_0_ES.jpg?imwidth=392,"3,69 €",No disponible,No disponible,"(1,23 €/KILO)"
Pila alcalina max power aa Varta blister 4 unidades,https://www.dia.es/limpieza-y-hogar/utiles-del-hogar-pilas-bombillas/p/152555,https://www.dia.es/product_images/152555/152555_ISO_0_ES.jpg?imwidth=392,"6,09 €",No disponible,No disponible,"(1,52 €/UNIDAD)"
Carbón vegetal Los rivera bolsa 3 Kg,https://www.dia.es/limpieza-y-hogar/utiles-del-hogar-pilas-bombillas/p/249060,https://www.dia.es/product_images/249060/249060_ISO_0_ES.jpg?imwidth=392,"4,29 €",No disponible,No disponible,"(1,43 €/KILO)"
Vasos desechables compostable de 1 lt Betik bolsa 10 unidades,https://www.dia.es/limpieza-y-hogar/utiles-del-hogar-pilas-bombillas/p/284197,https://www.dia.es/product_images/284197/284197_ISO_0_ES.jpg?imwidth=392,"3,25 €",No disponible,No disponible,"(0,33 €/UNIDAD)"
Body milk nutritivo almendras y prebióticos Imaqe de Dia botella 400 ml,https://www.dia.es/perfumeria-higiene-salud/hidratacion-corporal/p/293729,https://www.dia.es/product_images/293729/293729_ISO_0_ES.jpg?imwidth=392,"1,99 €",No disponible,No disponible,"(0,50 €/100 ML.)"
Body milk hidratante aloe vera y ácido hialurónico Imaqe de Dia botella 400 ml,https://www.dia.es/perfumeria-higiene-salud/hidratacion-corporal/p/293728,https://www.dia.es/product_images/293728/293728_ISO_0_ES.jpg?imwidth=392,"1,99 €",No disponible,No disponible,"(0,50 €/100 ML.)"
Aceite corporal argán Imaqe de Dia botella 400 ml,https://www.dia.es/perfumeria-higiene-salud/hidratacion-corporal/p/293740,https://www.dia.es/product_images/293740/293740_ISO_0_ES.jpg?imwidth=392,"2,95 €",No disponible,No disponible,"(0,74 €/100 ML.)"
Crema corporal regeneradora rosa mosqueta Imaqe de Dia bote 250 ml,https://www.dia.es/perfumeria-higiene-salud/hidratacion-corporal/p/293732,https://www.dia.es/product_images/293732/293732_ISO_0_ES.jpg?imwidth=392,"2,60 €",No disponible,No disponible,"(1,04 €/100 ML.)"
Body milk reafirmante vitamina C y Q10 Imaqe de Dia botella 400 ml,https://www.dia.es/perfumeria-higiene-salud/hidratacion-corporal/p/293730,https://www.dia.es/product_images/293730/293730_ISO_0_ES.jpg?imwidth=392,"1,99 €",No disponible,No disponible,"(0,50 €/100 ML.)"
Crema de manos hidratante aloe vera Imaqe de Dia tubo 125 ml,https://www.dia.es/perfumeria-higiene-salud/hidratacion-corporal/p/271089,https://www.dia.es/product_images/271089/271089_ISO_0_ES.jpg?imwidth=392,"1,00 €",No disponible,No disponible,"(0,80 €/100 ML.)"
Crema corporal nutritiva oliva y péptidos Imaqe de Dia bote 250 ml,https://www.dia.es/perfumeria-higiene-salud/hidratacion-corporal/p/293731,https://www.dia.es/product_images/293731/293731_ISO_0_ES.jpg?imwidth=392,"1,85 €",No disponible,No disponible,"(0,74 €/100 ML.)"
Crema corporal aceite de oliva piel seca Nivea botella 400 ml,https://www.dia.es/perfumeria-higiene-salud/hidratacion-corporal/p/132151,https://www.dia.es/product_images/132151/132151_ISO_0_ES.jpg?imwidth=392,"3,99 €",No disponible,No disponible,"(1,00 €/100 ML.)"
Aceite corporal anticelulítico natural Imaqe de Dia botella 100 ml,https://www.dia.es/perfumeria-higiene-salud/hidratacion-corporal/p/293746,https://www.dia.es/product_images/293746/293746_ISO_0_ES.jpg?imwidth=392,"3,50 €",No disponible,No disponible,"(3,50 €/100 ML.)"
Leche corporal reparadora Lactovit Lactourea bote 400 ml,https://www.dia.es/perfumeria-higiene-salud/hidratacion-corporal/p/154437,https://www.dia.es/product_images/154437/154437_ISO_0_ES.jpg?imwidth=392,"4,89 €",No disponible,No disponible,"(1,22 €/100 ML.)"
Crema corporal reparadora urea formato viaje Instituto Español bote 40 ml,https://www.dia.es/perfumeria-higiene-salud/hidratacion-corporal/p/231215,https://www.dia.es/product_images/231215/231215_ISO_0_ES.jpg?imwidth=392,"1,00 €",No disponible,No disponible,"(2,50 €/100 ML.)"
Crema hidratante universal todo tipo de pieles Nivea lata 250 ml,https://www.dia.es/perfumeria-higiene-salud/hidratacion-corporal/p/823,https://www.dia.es/product_images/823/823_ISO_0_ES.jpg?imwidth=392,"3,99 €",No disponible,No disponible,"(1,60 €/100 ML.)"
Crema corporal reparadora urea piel seca Instituto Español bote 400 ml,https://www.dia.es/perfumeria-higiene-salud/hidratacion-corporal/p/231195,https://www.dia.es/product_images/231195/231195_ISO_0_ES.jpg?imwidth=392,"3,85 €",No disponible,No disponible,"(0,96 €/100 ML.)"
Crema reparadora para pies con urea Imaqe de Dia tubo 125 ml,https://www.dia.es/perfumeria-higiene-salud/hidratacion-corporal/p/290114,https://www.dia.es/product_images/290114/290114_ISO_0_ES.jpg?imwidth=392,"1,55 €",No disponible,No disponible,"(1,24 €/100 ML.)"
Crema de manos nutritiva manteca de Karité Imaqe de Dia tubo 125 ml,https://www.dia.es/perfumeria-higiene-salud/hidratacion-corporal/p/271090,https://www.dia.es/product_images/271090/271090_ISO_0_ES.jpg?imwidth=392,"1,30 €",No disponible,No disponible,"(1,04 €/100 ML.)"
Crema corporal hidratante con ceramidas Imaqe de Dia bote 250 ml,https://www.dia.es/perfumeria-higiene-salud/hidratacion-corporal/p/293733,https://www.dia.es/product_images/293733/293733_ISO_0_ES.jpg?imwidth=392,"2,60 €",No disponible,No disponible,"(1,04 €/100 ML.)"
Calcetín ultra hidratante para pies Imaqe de Dia bolsa 2 unidades,https://www.dia.es/perfumeria-higiene-salud/hidratacion-corporal/p/294055,https://www.dia.es/product_images/294055/294055_ISO_0_ES.jpg?imwidth=392,"3,99 €",No disponible,No disponible,"(2,00 €/UNIDAD)"
Aceite corporal aloe vera Imaqe de Dia botella 400 ml,https://www.dia.es/perfumeria-higiene-salud/hidratacion-corporal/p/293739,https://www.dia.es/product_images/293739/293739_ISO_0_ES.jpg?imwidth=392,"2,55 €",No disponible,No disponible,"(0,64 €/100 ML.)"
Gel frío calmante para pies y piernas Imaqe de Dia tubo 125 ml,https://www.dia.es/perfumeria-higiene-salud/hidratacion-corporal/p/290115,https://www.dia.es/product_images/290115/290115_ISO_0_ES.jpg?imwidth=392,"1,55 €",No disponible,No disponible,"(1,24 €/100 ML.)"
Crema de manos reparadora concentrada con urea Imaqe de Dia tubo 75 ml,https://www.dia.es/perfumeria-higiene-salud/hidratacion-corporal/p/271091,https://www.dia.es/product_images/271091/271091_ISO_0_ES.jpg?imwidth=392,"1,30 €",No disponible,No disponible,"(1,73 €/100 ML.)"
Gel de ducha reparador leche de coco Fruit Revolution Imaqe de Dia botella 750 ml,https://www.dia.es/perfumeria-higiene-salud/gel-de-ducha-y-esponjas/p/273951,https://www.dia.es/product_images/273951/273951_ISO_0_ES.jpg?imwidth=392,"1,40 €",No disponible,No disponible,"(0,19 €/100 ML.)"
Gel de ducha avena botella 1 l,https://www.dia.es/perfumeria-higiene-salud/gel-de-ducha-y-esponjas/p/273851,https://www.dia.es/product_images/273851/273851_ISO_0_ES.jpg?imwidth=392,"1,05 €",No disponible,No disponible,"(0,11 €/100 ML.)"
Gel de ducha con glicerina clásico Imaqe de Dia botella 750 ml,https://www.dia.es/perfumeria-higiene-salud/gel-de-ducha-y-esponjas/p/273857,https://www.dia.es/product_images/273857/273857_ISO_0_ES.jpg?imwidth=392,"1,00 €",No disponible,No disponible,"(0,13 €/100 ML.)"
Gel de ducha dermo protección Imaqe de Dia botella 750 ml,https://www.dia.es/perfumeria-higiene-salud/gel-de-ducha-y-esponjas/p/273852,https://www.dia.es/product_images/273852/273852_ISO_0_ES.jpg?imwidth=392,"1,00 €",No disponible,No disponible,"(0,13 €/100 ML.)"
Gel de ducha tonificante termal Imaqe de Dia botella 750 ml,https://www.dia.es/perfumeria-higiene-salud/gel-de-ducha-y-esponjas/p/273858,https://www.dia.es/product_images/273858/273858_ISO_0_ES.jpg?imwidth=392,"1,00 €",No disponible,No disponible,"(0,13 €/100 ML.)"
Gel de ducha Tradición con aceites esenciales Imaqe de Dia botella 750 ml,https://www.dia.es/perfumeria-higiene-salud/gel-de-ducha-y-esponjas/p/300928,https://www.dia.es/product_images/300928/300928_ISO_0_ES.jpg?imwidth=392,"1,40 €",No disponible,No disponible,"(0,19 €/100 ML.)"
Gel de ducha hidratante de almendras y miel Imaqe de Dia botella 750 ml,https://www.dia.es/perfumeria-higiene-salud/gel-de-ducha-y-esponjas/p/273855,https://www.dia.es/product_images/273855/273855_ISO_0_ES.jpg?imwidth=392,"1,40 €",No disponible,No disponible,"(0,19 €/100 ML.)"
Esponja de baño flor acción exfoliante Imaqe de Dia bolsa 1 unidad,https://www.dia.es/perfumeria-higiene-salud/gel-de-ducha-y-esponjas/p/293505,https://www.dia.es/product_images/293505/293505_ISO_0_ES.jpg?imwidth=392,"0,85 €",No disponible,No disponible,"(0,85 €/UNIDAD)"
Esponjas de baño clásica muy suave Imaqe de Dia bolsa 2 unidades,https://www.dia.es/perfumeria-higiene-salud/gel-de-ducha-y-esponjas/p/293506,https://www.dia.es/product_images/293506/293506_ISO_0_ES.jpg?imwidth=392,"1,30 €",No disponible,No disponible,"(0,65 €/UNIDAD)"
Recambio gel de ducha zero Imaqe de Dia bolsa 1 l,https://www.dia.es/perfumeria-higiene-salud/gel-de-ducha-y-esponjas/p/273849,https://www.dia.es/product_images/273849/273849_ISO_0_ES.jpg?imwidth=392,"1,59 €",No disponible,No disponible,"(0,16 €/100 ML.)"
Gel íntimo Imaqe de Dia bote 500 ml,https://www.dia.es/perfumeria-higiene-salud/gel-de-ducha-y-esponjas/p/289547,https://www.dia.es/product_images/289547/289547_ISO_0_ES.jpg?imwidth=392,"1,25 €",No disponible,No disponible,"(0,25 €/100 ML.)"
Gel de ducha avena Instituto Español botella 1.25 l,https://www.dia.es/perfumeria-higiene-salud/gel-de-ducha-y-esponjas/p/188783,https://www.dia.es/product_images/188783/188783_ISO_0_ES.jpg?imwidth=392,"2,45 €",No disponible,No disponible,"(0,20 €/100 ML.)"
Gel de ducha aloe vera Instituto Español botella 1.25 l,https://www.dia.es/perfumeria-higiene-salud/gel-de-ducha-y-esponjas/p/231201,https://www.dia.es/product_images/231201/231201_ISO_0_ES.jpg?imwidth=392,"2,45 €",No disponible,No disponible,"(0,20 €/100 ML.)"
Gel de baño Lactovit Lactourea botella 750 ml,https://www.dia.es/perfumeria-higiene-salud/gel-de-ducha-y-esponjas/p/294086,https://www.dia.es/product_images/294086/294086_ISO_0_ES.jpg?imwidth=392,"2,95 €",No disponible,No disponible,"(0,39 €/100 ML.)"
Gel de ducha vainilla y macadamia Fruit Revolution Imaqe de Dia botella 750 ml,https://www.dia.es/perfumeria-higiene-salud/gel-de-ducha-y-esponjas/p/273963,https://www.dia.es/product_images/273963/273963_ISO_0_ES.jpg?imwidth=392,"1,40 €",No disponible,No disponible,"(0,19 €/100 ML.)"
Gel de ducha original Dove botella 450 ml,https://www.dia.es/perfumeria-higiene-salud/gel-de-ducha-y-esponjas/p/304303,https://www.dia.es/product_images/304303/304303_ISO_0_ES.jpg?imwidth=392,"2,79 €",No disponible,No disponible,"(0,62 €/100 ML.)"
Gel de ducha nutritivo con proteínas de leche Imaqe de Dia botella 1.5 l,https://www.dia.es/perfumeria-higiene-salud/gel-de-ducha-y-esponjas/p/273850,https://www.dia.es/product_images/273850/273850_ISO_0_ES.jpg?imwidth=392,"2,25 €",No disponible,No disponible,"(0,15 €/100 ML.)"
Gel de baño hidratante Natural Honey botella 675 ml,https://www.dia.es/perfumeria-higiene-salud/gel-de-ducha-y-esponjas/p/70918,https://www.dia.es/product_images/70918/70918_ISO_0_ES.jpg?imwidth=392,"2,39 €",No disponible,No disponible,"(0,35 €/100 ML.)"
Esponjas de baño exfoliante suave Imaqe de Dia bolsa 2 unidades,https://www.dia.es/perfumeria-higiene-salud/gel-de-ducha-y-esponjas/p/293507,https://www.dia.es/product_images/293507/293507_ISO_0_ES.jpg?imwidth=392,"1,30 €",No disponible,No disponible,"(0,65 €/UNIDAD)"
Gel cuidado experto con urea para piel seca Sanex botella 600 ml,https://www.dia.es/perfumeria-higiene-salud/gel-de-ducha-y-esponjas/p/300490,https://www.dia.es/product_images/300490/300490_ISO_0_ES.jpg?imwidth=392,"3,69 €",No disponible,No disponible,"(0,62 €/100 ML.)"
Pasta de dientes Colgate Triple Action tubo 75 ml,https://www.dia.es/perfumeria-higiene-salud/cuidado-bucal/p/7407,https://www.dia.es/product_images/7407/7407_ISO_0_ES.jpg?imwidth=392,"1,99 €",No disponible,No disponible,"(2,65 €/100 ML.)"
Pasta de dientes protección completa Original Colgate Total tubo 75 ml,https://www.dia.es/perfumeria-higiene-salud/cuidado-bucal/p/254483,https://www.dia.es/product_images/254483/254483_ISO_0_ES.jpg?imwidth=392,"2,89 €",No disponible,No disponible,"(3,85 €/100 ML.)"
Pasta de dientes blanqueadora Colgate Max White tubo 75 ml,https://www.dia.es/perfumeria-higiene-salud/cuidado-bucal/p/38244,https://www.dia.es/product_images/38244/38244_ISO_0_ES.jpg?imwidth=392,"2,59 €",No disponible,No disponible,"(3,45 €/100 ML.)"
Enjuague bucal zero alcohol Imaqe de Dia bote 500 ml,https://www.dia.es/perfumeria-higiene-salud/cuidado-bucal/p/284062,https://www.dia.es/product_images/284062/284062_ISO_0_ES.jpg?imwidth=392,"1,00 €",No disponible,No disponible,"(0,20 €/100 ML.)"
Cepillo de dientes medio Imaqe de Dia blister 3 unidades,https://www.dia.es/perfumeria-higiene-salud/cuidado-bucal/p/295767,https://www.dia.es/product_images/295767/295767_ISO_0_ES.jpg?imwidth=392,"1,00 €",No disponible,No disponible,"(0,33 €/UNIDAD)"
Enjuague bucal acción total Imaqe de Dia bote 500 ml,https://www.dia.es/perfumeria-higiene-salud/cuidado-bucal/p/284059,https://www.dia.es/product_images/284059/284059_ISO_0_ES.jpg?imwidth=392,"1,00 €",No disponible,No disponible,"(0,20 €/100 ML.)"
Pasta de dientes protección total Imaqe de Dia tubo 75 ml,https://www.dia.es/perfumeria-higiene-salud/cuidado-bucal/p/294279,https://www.dia.es/product_images/294279/294279_ISO_0_ES.jpg?imwidth=392,"1,35 €",No disponible,No disponible,"(1,80 €/100 ML.)"
Pasta de dientes complete con enjuague bucal Oral-B tubo 75 ml,https://www.dia.es/perfumeria-higiene-salud/cuidado-bucal/p/149983,https://www.dia.es/product_images/149983/149983_ISO_0_ES.jpg?imwidth=392,"1,99 €",No disponible,No disponible,"(2,65 €/100 ML.)"
Enjuague bucal protección dientes y encías Imaqe de Dia botella 500 ml,https://www.dia.es/perfumeria-higiene-salud/cuidado-bucal/p/284058,https://www.dia.es/product_images/284058/284058_ISO_0_ES.jpg?imwidth=392,"1,35 €",No disponible,No disponible,"(0,27 €/100 ML.)"
Pasta de dientes blanqueadora bicarbonato Signal tubo 100 ml,https://www.dia.es/perfumeria-higiene-salud/cuidado-bucal/p/76063,https://www.dia.es/product_images/76063/76063_ISO_0_ES.jpg?imwidth=392,"1,75 €",No disponible,No disponible,"(1,75 €/100 ML.)"
Cepillo de dientes suave Imaqe de Dia blister 3 unidades,https://www.dia.es/perfumeria-higiene-salud/cuidado-bucal/p/295769,https://www.dia.es/product_images/295769/295769_ISO_0_ES.jpg?imwidth=392,"1,00 €",No disponible,No disponible,"(0,33 €/UNIDAD)"
Pasta de dientes ultra fresh Imaqe de Dia tubo 75 ml,https://www.dia.es/perfumeria-higiene-salud/cuidado-bucal/p/294280,https://www.dia.es/product_images/294280/294280_ISO_0_ES.jpg?imwidth=392,"1,20 €",No disponible,No disponible,"(1,60 €/100 ML.)"
Pasta de dientes Colgate Maximum Caries Protection tubo 75 ml,https://www.dia.es/perfumeria-higiene-salud/cuidado-bucal/p/7406,https://www.dia.es/product_images/7406/7406_ISO_0_ES.jpg?imwidth=392,"1,99 €",No disponible,No disponible,"(2,65 €/100 ML.)"
Tabletas limpiadoras para prótesis dental Senti2 caja 30 unidades,https://www.dia.es/perfumeria-higiene-salud/cuidado-bucal/p/249622,https://www.dia.es/product_images/249622/249622_ISO_0_ES.jpg?imwidth=392,"2,45 €",No disponible,No disponible,"(0,08 €/UNIDAD)"
Pasta de dientes blanqueante Imaqe de Dia tubo 75 ml,https://www.dia.es/perfumeria-higiene-salud/cuidado-bucal/p/294278,https://www.dia.es/product_images/294278/294278_ISO_0_ES.jpg?imwidth=392,"1,55 €",No disponible,No disponible,"(2,07 €/100 ML.)"
Pasta de dientes blanqueante Sensodyne tubo 75 ml,https://www.dia.es/perfumeria-higiene-salud/cuidado-bucal/p/87363,https://www.dia.es/product_images/87363/87363_ISO_0_ES.jpg?imwidth=392,"3,85 €",No disponible,No disponible,"(5,13 €/100 ML.)"
Cepillos interdentales extrafinos Imaqe de Dia blister 6 unidades,https://www.dia.es/perfumeria-higiene-salud/cuidado-bucal/p/295779,https://www.dia.es/product_images/295779/295779_ISO_0_ES.jpg?imwidth=392,"1,50 €",No disponible,No disponible,"(0,25 €/UNIDAD)"
Enjuague bucal blanqueador Imaqe de Dia bote 500 ml,https://www.dia.es/perfumeria-higiene-salud/cuidado-bucal/p/284060,https://www.dia.es/product_images/284060/284060_ISO_0_ES.jpg?imwidth=392,"1,50 €",No disponible,No disponible,"(0,30 €/100 ML.)"
Hilo dental con cera sabor menta Imaqe de Dia blister 1 unidad,https://www.dia.es/perfumeria-higiene-salud/cuidado-bucal/p/295777,https://www.dia.es/product_images/295777/295777_ISO_0_ES.jpg?imwidth=392,"1,20 €",No disponible,No disponible,"(1,20 €/UNIDAD)"
Cepillo de dientes Extra Clean Colgate blister 4 unidades,https://www.dia.es/perfumeria-higiene-salud/cuidado-bucal/p/76715,https://www.dia.es/product_images/76715/76715_ISO_0_ES.jpg?imwidth=392,"2,99 €",No disponible,No disponible,"(0,75 €/UNIDAD)"
Desodorante roll-on dermo extra control duplo Sanex bote 100 ml,https://www.dia.es/perfumeria-higiene-salud/desodorantes/p/288479,https://www.dia.es/product_images/288479/288479_ISO_0_ES.jpg?imwidth=392,"3,89 €",No disponible,No disponible,"(3,89 €/100 ML.)"
Desodorante hombre Blue River Imaqe de Dia spray 150 ml,https://www.dia.es/perfumeria-higiene-salud/desodorantes/p/274507,https://www.dia.es/product_images/274507/274507_ISO_0_ES.jpg?imwidth=392,"1,89 €",No disponible,No disponible,"(1,26 €/100 ML.)"
Desodorante antitranspirante con extracto de rosa mosqueta Imaqe de Dia spray 200 ml,https://www.dia.es/perfumeria-higiene-salud/desodorantes/p/274501,https://www.dia.es/product_images/274501/274501_ISO_0_ES.jpg?imwidth=392,"1,95 €",No disponible,No disponible,"(0,98 €/100 ML.)"
Desodorante roll-on black and white mujer Imaqe de Dia bote 50 ml,https://www.dia.es/perfumeria-higiene-salud/desodorantes/p/274534,https://www.dia.es/product_images/274534/274534_ISO_0_ES.jpg?imwidth=392,"0,85 €",No disponible,No disponible,"(1,70 €/100 ML.)"
Desodorante roll-on antitranspirante para pieles sensibles Imaqe de Dia bote 50 ml,https://www.dia.es/perfumeria-higiene-salud/desodorantes/p/274532,https://www.dia.es/product_images/274532/274532_ISO_0_ES.jpg?imwidth=392,"0,85 €",No disponible,No disponible,"(1,70 €/100 ML.)"
Desodorante roll-on piel sensible antitranspirante Sanex Dermo Sensitive bote 50 ml,https://www.dia.es/perfumeria-higiene-salud/desodorantes/p/113510,https://www.dia.es/product_images/113510/113510_ISO_0_ES.jpg?imwidth=392,"2,19 €",No disponible,No disponible,"(4,38 €/100 ML.)"
Desodorante black and white mujer Imaqe de Dia spray 200 ml,https://www.dia.es/perfumeria-higiene-salud/desodorantes/p/274504,https://www.dia.es/product_images/274504/274504_ISO_0_ES.jpg?imwidth=392,"1,95 €",No disponible,No disponible,"(0,98 €/100 ML.)"
Desodorante invisible ice fresh Rexona spray 200 ml,https://www.dia.es/perfumeria-higiene-salud/desodorantes/p/107597,https://www.dia.es/product_images/107597/107597_ISO_0_ES.jpg?imwidth=392,"2,70 €",No disponible,No disponible,"(1,35 €/100 ML.)"
Desodorante invisible on black + white Rexona spray 200 ml,https://www.dia.es/perfumeria-higiene-salud/desodorantes/p/152362,https://www.dia.es/product_images/152362/152362_ISO_0_ES.jpg?imwidth=392,"2,70 €",No disponible,No disponible,"(1,35 €/100 ML.)"
Desodorante roll-on advanced care original Dove bote 50 ml,https://www.dia.es/perfumeria-higiene-salud/desodorantes/p/293785,https://www.dia.es/product_images/293785/293785_ISO_0_ES.jpg?imwidth=392,"2,49 €",No disponible,No disponible,"(4,98 €/100 ML.)"
Desodorante hombre wild desert Imaqe de Dia spray 150 ml,https://www.dia.es/perfumeria-higiene-salud/desodorantes/p/274506,https://www.dia.es/product_images/274506/274506_ISO_0_ES.jpg?imwidth=392,"1,89 €",No disponible,No disponible,"(1,26 €/100 ML.)"
Desodorante protege & cuida dermo algodón Imaqe de Dia spray 200 ml,https://www.dia.es/perfumeria-higiene-salud/desodorantes/p/274499,https://www.dia.es/product_images/274499/274499_ISO_0_ES.jpg?imwidth=392,"1,95 €",No disponible,No disponible,"(0,98 €/100 ML.)"
Desodorante roll-on hombre protección 48 h Imaqe de Dia bote 50 ml,https://www.dia.es/perfumeria-higiene-salud/desodorantes/p/274585,https://www.dia.es/product_images/274585/274585_ISO_0_ES.jpg?imwidth=392,"0,85 €",No disponible,No disponible,"(1,70 €/100 ML.)"
Desodorante roll-on sensitive Byly bote 50 ml,https://www.dia.es/perfumeria-higiene-salud/desodorantes/p/151874,https://www.dia.es/product_images/151874/151874_ISO_0_ES.jpg?imwidth=392,"1,95 €",No disponible,No disponible,"(3,90 €/100 ML.)"
Desodorante black and white hombre Imaqe de Dia spray 200 ml,https://www.dia.es/perfumeria-higiene-salud/desodorantes/p/274505,https://www.dia.es/product_images/274505/274505_ISO_0_ES.jpg?imwidth=392,"1,95 €",No disponible,No disponible,"(0,98 €/100 ML.)"
Desodorante advanced care original Dove spray 200 ml,https://www.dia.es/perfumeria-higiene-salud/desodorantes/p/295804,https://www.dia.es/product_images/295804/295804_ISO_0_ES.jpg?imwidth=392,"3,99 €",No disponible,No disponible,"(2,00 €/100 ML.)"
Desodorante dark temptation Axe spray 150 ml,https://www.dia.es/perfumeria-higiene-salud/desodorantes/p/101157,https://www.dia.es/product_images/101157/101157_ISO_0_ES.jpg?imwidth=392,"3,15 €",No disponible,No disponible,"(2,10 €/100 ML.)"
Desodorante roll-on invisible for black & white hombre Nivea bote 50 ml,https://www.dia.es/perfumeria-higiene-salud/desodorantes/p/152211,https://www.dia.es/product_images/152211/152211_ISO_0_ES.jpg?imwidth=392,"2,15 €",No disponible,No disponible,"(4,30 €/100 ML.)"
Desodorante en barra negro Tulipán Negro bote 75 ml,https://www.dia.es/perfumeria-higiene-salud/desodorantes/p/172954,https://www.dia.es/product_images/172954/172954_ISO_0_ES.jpg?imwidth=392,"2,39 €",No disponible,No disponible,"(3,19 €/100 ML.)"
Desodorante dry impact Nivea spray 200 ml,https://www.dia.es/perfumeria-higiene-salud/desodorantes/p/59688,https://www.dia.es/product_images/59688/59688_ISO_0_ES.jpg?imwidth=392,"2,95 €",No disponible,No disponible,"(1,48 €/100 ML.)"
Champú familiar botella 1 l,https://www.dia.es/perfumeria-higiene-salud/champu/p/290117,https://www.dia.es/product_images/290117/290117_ISO_0_ES.jpg?imwidth=392,"1,19 €",No disponible,No disponible,"(0,12 €/100 ML.)"
Champú para pelo rizado Método Curly Imaqe de Dia botella 400 ml,https://www.dia.es/perfumeria-higiene-salud/champu/p/297147,https://www.dia.es/product_images/297147/297147_ISO_0_ES.jpg?imwidth=392,"3,60 €",No disponible,No disponible,"(0,90 €/100 ML.)"
Champú pelo teñido keratina profesional Imaqe de Dia botella 750 ml,https://www.dia.es/perfumeria-higiene-salud/champu/p/290120,https://www.dia.es/product_images/290120/290120_ISO_0_ES.jpg?imwidth=392,"1,99 €",No disponible,No disponible,"(0,27 €/100 ML.)"
Champú hidratante intenso profesional Imaqe de Dia botella 750 ml,https://www.dia.es/perfumeria-higiene-salud/champu/p/290119,https://www.dia.es/product_images/290119/290119_ISO_0_ES.jpg?imwidth=392,"1,99 €",No disponible,No disponible,"(0,27 €/100 ML.)"
Recambio champú hidratante intenso profesional Imaqe de Dia bolsa 750 ml,https://www.dia.es/perfumeria-higiene-salud/champu/p/290121,https://www.dia.es/product_images/290121/290121_ISO_0_ES.jpg?imwidth=392,"1,79 €",No disponible,No disponible,"(0,24 €/100 ML.)"
Champú anticaspa dos en uno clásico H&s botella 250 ml,https://www.dia.es/perfumeria-higiene-salud/champu/p/301683,https://www.dia.es/product_images/301683/301683_ISO_0_ES.jpg?imwidth=392,"3,49 €",No disponible,No disponible,"(1,40 €/100 ML.)"
Champú fortificante fuerza y brillo cabello normal Fructis botella 300 ml,https://www.dia.es/perfumeria-higiene-salud/champu/p/21281,https://www.dia.es/product_images/21281/21281_ISO_0_ES.jpg?imwidth=392,"3,49 €",No disponible,No disponible,"(1,16 €/100 ML.)"
Champú hidra con ácido hialurónico Elvive botella 300 ml,https://www.dia.es/perfumeria-higiene-salud/champu/p/301048,https://www.dia.es/product_images/301048/301048_ISO_0_ES.jpg?imwidth=392,"3,29 €",No disponible,No disponible,"(1,10 €/100 ML.)"
Champú anticaspa mentol Imaqe de Dia botella 500 ml,https://www.dia.es/perfumeria-higiene-salud/champu/p/291103,https://www.dia.es/product_images/291103/291103_ISO_0_ES.jpg?imwidth=392,"2,75 €",No disponible,No disponible,"(0,55 €/100 ML.)"
Champú con aceite de árbol de té Planeta Junior de Dia bote 250 ml,https://www.dia.es/perfumeria-higiene-salud/champu/p/301825,https://www.dia.es/product_images/301825/301825_ISO_0_ES.jpg?imwidth=392,"1,99 €",No disponible,No disponible,"(0,80 €/100 ML.)"
Champú pelo graso arcilla y té natural Imaqe de Dia botella 250 ml,https://www.dia.es/perfumeria-higiene-salud/champu/p/289575,https://www.dia.es/product_images/289575/289575_ISO_0_ES.jpg?imwidth=392,"1,99 €",No disponible,No disponible,"(0,80 €/100 ML.)"
Champú protector del color cabello teñido Elvive botella 300 ml,https://www.dia.es/perfumeria-higiene-salud/champu/p/301044,https://www.dia.es/product_images/301044/301044_ISO_0_ES.jpg?imwidth=392,"3,29 €",No disponible,No disponible,"(1,10 €/100 ML.)"
Champú anticaspa menthol fresh H&s botella 250 ml,https://www.dia.es/perfumeria-higiene-salud/champu/p/301684,https://www.dia.es/product_images/301684/301684_ISO_0_ES.jpg?imwidth=392,"3,49 €",No disponible,No disponible,"(1,40 €/100 ML.)"
Champú cebolla y biotina Anian bote 400 ml,https://www.dia.es/perfumeria-higiene-salud/champu/p/294312,https://www.dia.es/product_images/294312/294312_ISO_0_ES.jpg?imwidth=392,"2,99 €",No disponible,No disponible,"(0,75 €/100 ML.)"
Champú con keratina fortificante Flex botella 650 ml,https://www.dia.es/perfumeria-higiene-salud/champu/p/152591,https://www.dia.es/product_images/152591/152591_ISO_0_ES.jpg?imwidth=392,"3,39 €",No disponible,No disponible,"(0,52 €/100 ML.)"
Champú anticaspa prevención de la caída H&s botella 250 ml,https://www.dia.es/perfumeria-higiene-salud/champu/p/301681,https://www.dia.es/product_images/301681/301681_ISO_0_ES.jpg?imwidth=392,"3,49 €",No disponible,No disponible,"(1,40 €/100 ML.)"
Champú hidratación intensa cabello seco Tresemmé botella 685 ml,https://www.dia.es/perfumeria-higiene-salud/champu/p/301436,https://www.dia.es/product_images/301436/301436_ISO_0_ES.jpg?imwidth=392,"5,69 €",No disponible,No disponible,"(0,83 €/100 ML.)"
Champú hidra rizos Fructis botella 300 ml,https://www.dia.es/perfumeria-higiene-salud/champu/p/134273,https://www.dia.es/product_images/134273/134273_ISO_0_ES.jpg?imwidth=392,"3,49 €",No disponible,No disponible,"(1,16 €/100 ML.)"
Champú y acondicionador anticaspa 2 en 1 Imaqe de Dia botella 500 ml,https://www.dia.es/perfumeria-higiene-salud/champu/p/291101,https://www.dia.es/product_images/291101/291101_ISO_0_ES.jpg?imwidth=392,"2,75 €",No disponible,No disponible,"(0,55 €/100 ML.)"
Champú fresco y fuerte cabello normal Timotei botella 400 ml,https://www.dia.es/perfumeria-higiene-salud/champu/p/60227,https://www.dia.es/product_images/60227/60227_ISO_0_ES.jpg?imwidth=392,"3,95 €",No disponible,No disponible,"(0,99 €/100 ML.)"
Mascarilla para pelo rizado Método Curly Imaqe de Dia frasco 300 ml,https://www.dia.es/perfumeria-higiene-salud/acondicionadores-y-mascarillas/p/297148,https://www.dia.es/product_images/297148/297148_ISO_0_ES.jpg?imwidth=392,"3,99 €",No disponible,No disponible,"(1,33 €/100 ML.)"
Acondicionador capilar Noname botella 750 ml,https://www.dia.es/perfumeria-higiene-salud/acondicionadores-y-mascarillas/p/291560,https://www.dia.es/product_images/291560/291560_ISO_0_ES.jpg?imwidth=392,"1,20 €",No disponible,No disponible,"(0,16 €/100 ML.)"
Mascarilla hidratante de plátano Fruit Revolution Imaqe de Dia frasco 300 ml,https://www.dia.es/perfumeria-higiene-salud/acondicionadores-y-mascarillas/p/290122,https://www.dia.es/product_images/290122/290122_ISO_0_ES.jpg?imwidth=392,"2,89 €",No disponible,No disponible,"(0,96 €/100 ML.)"
Mascarilla reparadora para pelo natural con miel Imaqe de Dia bote 300 ml,https://www.dia.es/perfumeria-higiene-salud/acondicionadores-y-mascarillas/p/289572,https://www.dia.es/product_images/289572/289572_ISO_0_ES.jpg?imwidth=392,"2,95 €",No disponible,No disponible,"(0,98 €/100 ML.)"
Mascarilla repara y protege con oliva Imaqe de Dia bote 300 ml,https://www.dia.es/perfumeria-higiene-salud/acondicionadores-y-mascarillas/p/289576,https://www.dia.es/product_images/289576/289576_ISO_0_ES.jpg?imwidth=392,"2,95 €",No disponible,No disponible,"(0,98 €/100 ML.)"
Crema suavizante repair 5 cabello dañado Elvive bote 250 ml,https://www.dia.es/perfumeria-higiene-salud/acondicionadores-y-mascarillas/p/21904,https://www.dia.es/product_images/21904/21904_ISO_0_ES.jpg?imwidth=392,"3,00 €",No disponible,No disponible,"(1,20 €/100 ML.)"
Mascarilla hidra rizos cabello rizo u ondulado Fructis frasco 320 ml,https://www.dia.es/perfumeria-higiene-salud/acondicionadores-y-mascarillas/p/231507,https://www.dia.es/product_images/231507/231507_ISO_0_ES.jpg?imwidth=392,"4,89 €",No disponible,No disponible,"(1,53 €/100 ML.)"
Crema suavizante con keratina cabello seco o dañado Flex botella 650 ml,https://www.dia.es/perfumeria-higiene-salud/acondicionadores-y-mascarillas/p/151918,https://www.dia.es/product_images/151918/151918_ISO_0_ES.jpg?imwidth=392,"3,45 €",No disponible,No disponible,"(0,53 €/100 ML.)"
Acondicionador tesoros de miel Original Remedies bote 250 ml,https://www.dia.es/perfumeria-higiene-salud/acondicionadores-y-mascarillas/p/247579,https://www.dia.es/product_images/247579/247579_ISO_0_ES.jpg?imwidth=392,"3,59 €",No disponible,No disponible,"(1,44 €/100 ML.)"
Aceite en crema para pelo dañado miel natural Imaqe de Dia bote 200 ml,https://www.dia.es/perfumeria-higiene-salud/acondicionadores-y-mascarillas/p/289577,https://www.dia.es/product_images/289577/289577_ISO_0_ES.jpg?imwidth=392,"2,20 €",No disponible,No disponible,"(1,10 €/100 ML.)"
Mascarilla suave y liso anti encrespamiento Pantene frasco 300 ml,https://www.dia.es/perfumeria-higiene-salud/acondicionadores-y-mascarillas/p/144667,https://www.dia.es/product_images/144667/144667_ISO_0_ES.jpg?imwidth=392,"4,29 €",No disponible,No disponible,"(1,43 €/100 ML.)"
Acondicionador capilar hidratación intensa Tresemmé botella 685 ml,https://www.dia.es/perfumeria-higiene-salud/acondicionadores-y-mascarillas/p/301435,https://www.dia.es/product_images/301435/301435_ISO_0_ES.jpg?imwidth=392,"5,69 €",No disponible,No disponible,"(0,83 €/100 ML.)"
Mascarilla repara y protege cabello dañado Pantene frasco 300 ml,https://www.dia.es/perfumeria-higiene-salud/acondicionadores-y-mascarillas/p/144666,https://www.dia.es/product_images/144666/144666_ISO_0_ES.jpg?imwidth=392,"4,29 €",No disponible,No disponible,"(1,43 €/100 ML.)"
Desenredante bifásico con aceite de árbol de té Planeta Junior de Dia spray 250 ml,https://www.dia.es/perfumeria-higiene-salud/acondicionadores-y-mascarillas/p/301823,https://www.dia.es/product_images/301823/301823_ISO_0_ES.jpg?imwidth=392,"1,70 €",No disponible,No disponible,"(0,68 €/100 ML.)"
Acondicionador bifásico instantáneo hidratación Anian spray 250 ml,https://www.dia.es/perfumeria-higiene-salud/acondicionadores-y-mascarillas/p/296092,https://www.dia.es/product_images/296092/296092_ISO_0_ES.jpg?imwidth=392,"2,50 €",No disponible,No disponible,"(1,00 €/100 ML.)"
Mascarilla adiós daños repara y fortifica Fructis frasco 320 ml,https://www.dia.es/perfumeria-higiene-salud/acondicionadores-y-mascarillas/p/231510,https://www.dia.es/product_images/231510/231510_ISO_0_ES.jpg?imwidth=392,"4,89 €",No disponible,No disponible,"(1,53 €/100 ML.)"
Mascarilla cebolla y biotina Anian bote 350 ml,https://www.dia.es/perfumeria-higiene-salud/acondicionadores-y-mascarillas/p/294406,https://www.dia.es/product_images/294406/294406_ISO_0_ES.jpg?imwidth=392,"3,30 €",No disponible,No disponible,"(0,94 €/100 ML.)"
Mascarilla hidra ácido hialurónico Elvive frasco 310 ml,https://www.dia.es/perfumeria-higiene-salud/acondicionadores-y-mascarillas/p/282600,https://www.dia.es/product_images/282600/282600_ISO_0_ES.jpg?imwidth=392,"4,50 €",No disponible,No disponible,"(1,45 €/100 ML.)"
Crema capilar nutri rizos sin aclarado Fructis bote 400 ml,https://www.dia.es/perfumeria-higiene-salud/acondicionadores-y-mascarillas/p/262316,https://www.dia.es/product_images/262316/262316_ISO_0_ES.jpg?imwidth=392,"5,49 €",No disponible,No disponible,"(1,37 €/100 ML.)"
Crema suavizante color vive cabello teñido Elvive bote 250 ml,https://www.dia.es/perfumeria-higiene-salud/acondicionadores-y-mascarillas/p/66167,https://www.dia.es/product_images/66167/66167_ISO_0_ES.jpg?imwidth=392,"3,00 €",No disponible,No disponible,"(1,20 €/100 ML.)"
Crema activadora de rizos Método Curly Imaqe de Dia botella 200 ml,https://www.dia.es/perfumeria-higiene-salud/espumas-y-fijadores/p/289596,https://www.dia.es/product_images/289596/289596_ISO_0_ES.jpg?imwidth=392,"2,99 €",No disponible,No disponible,"(1,50 €/100 ML.)"
Espuma fijadora rizos perfectos Imaqe de Dia spray 300 ml,https://www.dia.es/perfumeria-higiene-salud/espumas-y-fijadores/p/297156,https://www.dia.es/product_images/297156/297156_ISO_0_ES.jpg?imwidth=392,"2,30 €",No disponible,No disponible,"(0,77 €/100 ML.)"
Laca fijación fuerte Nelly spray 600 ml,https://www.dia.es/perfumeria-higiene-salud/espumas-y-fijadores/p/287948,https://www.dia.es/product_images/287948/287948_ISO_0_ES.jpg?imwidth=392,"3,55 €",No disponible,No disponible,"(0,59 €/100 ML.)"
Gomina fijación extrafuerte Imaqe de Dia tubo 200 ml,https://www.dia.es/perfumeria-higiene-salud/espumas-y-fijadores/p/297153,https://www.dia.es/product_images/297153/297153_ISO_0_ES.jpg?imwidth=392,"1,85 €",No disponible,No disponible,"(0,93 €/100 ML.)"
Espuma rizos definidos Pantene spray 200 ml,https://www.dia.es/perfumeria-higiene-salud/espumas-y-fijadores/p/161018,https://www.dia.es/product_images/161018/161018_ISO_0_ES.jpg?imwidth=392,"3,79 €",No disponible,No disponible,"(1,90 €/100 ML.)"
Laca clásica Nelly spray 600 ml,https://www.dia.es/perfumeria-higiene-salud/espumas-y-fijadores/p/29176,https://www.dia.es/product_images/29176/29176_ISO_0_ES.jpg?imwidth=392,"3,55 €",No disponible,No disponible,"(0,59 €/100 ML.)"
Gomina efecto mojado Imaqe de Dia tubo 200 ml,https://www.dia.es/perfumeria-higiene-salud/espumas-y-fijadores/p/297152,https://www.dia.es/product_images/297152/297152_ISO_0_ES.jpg?imwidth=392,"1,85 €",No disponible,No disponible,"(0,93 €/100 ML.)"
Laca fijación extrafuerte todo tipo de cabello Fixpray spray 400 ml,https://www.dia.es/perfumeria-higiene-salud/espumas-y-fijadores/p/63846,https://www.dia.es/product_images/63846/63846_ISO_0_ES.jpg?imwidth=392,"3,85 €",No disponible,No disponible,"(0,96 €/100 ML.)"
Espuma fijadora extrafuerte Imaqe de Dia spray 300 ml,https://www.dia.es/perfumeria-higiene-salud/espumas-y-fijadores/p/297159,https://www.dia.es/product_images/297159/297159_ISO_0_ES.jpg?imwidth=392,"2,20 €",No disponible,No disponible,"(0,73 €/100 ML.)"
Cera fijadora para pelo acabado mate Imaqe de Dia bote 100 ml,https://www.dia.es/perfumeria-higiene-salud/espumas-y-fijadores/p/297155,https://www.dia.es/product_images/297155/297155_ISO_0_ES.jpg?imwidth=392,"3,20 €",No disponible,No disponible,"(3,20 €/100 ML.)"
Cera fijadora para pelo efecto brillo Imaqe de Dia bote 100 ml,https://www.dia.es/perfumeria-higiene-salud/espumas-y-fijadores/p/297154,https://www.dia.es/product_images/297154/297154_ISO_0_ES.jpg?imwidth=392,"3,20 €",No disponible,No disponible,"(3,20 €/100 ML.)"
Espuma hidra rizos Fructis spray 300 ml,https://www.dia.es/perfumeria-higiene-salud/espumas-y-fijadores/p/18615,https://www.dia.es/product_images/18615/18615_ISO_0_ES.jpg?imwidth=392,"3,49 €",No disponible,No disponible,"(1,16 €/100 ML.)"
Laca fijación fuerte Elnett spray 200 ml,https://www.dia.es/perfumeria-higiene-salud/espumas-y-fijadores/p/40800,https://www.dia.es/product_images/40800/40800_ISO_0_ES.jpg?imwidth=392,"4,49 €",No disponible,No disponible,"(2,25 €/100 ML.)"
Laca volumen perfecto Pantene spray 250 ml,https://www.dia.es/perfumeria-higiene-salud/espumas-y-fijadores/p/202943,https://www.dia.es/product_images/202943/202943_ISO_0_ES.jpg?imwidth=392,"3,99 €",No disponible,No disponible,"(1,60 €/100 ML.)"
Protector térmico Nelly spray 200 ml,https://www.dia.es/perfumeria-higiene-salud/espumas-y-fijadores/p/288729,https://www.dia.es/product_images/288729/288729_ISO_0_ES.jpg?imwidth=392,"3,35 €",No disponible,No disponible,"(1,68 €/100 ML.)"
Laca fijación normal cabello seco/normal Fixpray spray 400 ml,https://www.dia.es/perfumeria-higiene-salud/espumas-y-fijadores/p/151933,https://www.dia.es/product_images/151933/151933_ISO_0_ES.jpg?imwidth=392,"3,85 €",No disponible,No disponible,"(0,96 €/100 ML.)"
Laca fijación ultra fuerte Pantene spray 250 ml,https://www.dia.es/perfumeria-higiene-salud/espumas-y-fijadores/p/268770,https://www.dia.es/product_images/268770/268770_ISO_0_ES.jpg?imwidth=392,"3,99 €",No disponible,No disponible,"(1,60 €/100 ML.)"
Espuma perfect volume Pantene spray 200 ml,https://www.dia.es/perfumeria-higiene-salud/espumas-y-fijadores/p/161256,https://www.dia.es/product_images/161256/161256_ISO_0_ES.jpg?imwidth=392,"3,79 €",No disponible,No disponible,"(1,90 €/100 ML.)"
Cera fijadora en gel ultra fuerte Giorgi line bote 145 ml,https://www.dia.es/perfumeria-higiene-salud/espumas-y-fijadores/p/248204,https://www.dia.es/product_images/248204/248204_ISO_0_ES.jpg?imwidth=392,"3,59 €",No disponible,No disponible,"(2,48 €/100 ML.)"
Tinte pelo permanente color negro nº 1.0 Imaqe de Dia caja 1 unidad,https://www.dia.es/perfumeria-higiene-salud/tintes/p/292762,https://www.dia.es/product_images/292762/292762_ISO_0_ES.jpg?imwidth=392,"3,85 €",No disponible,No disponible,"(3,85 €/UNIDAD)"
Tinte pelo permanente color castaño oscuro nº 3.0 Imaqe de Dia caja 1 unidad,https://www.dia.es/perfumeria-higiene-salud/tintes/p/292764,https://www.dia.es/product_images/292764/292764_ISO_0_ES.jpg?imwidth=392,"3,85 €",No disponible,No disponible,"(3,85 €/UNIDAD)"
Tinte rubio oscuro nº6 Color sensation caja 1 unidad,https://www.dia.es/perfumeria-higiene-salud/tintes/p/149195,https://www.dia.es/product_images/149195/149195_ISO_0_ES.jpg?imwidth=392,"3,99 €",No disponible,No disponible,"(3,99 €/UNIDAD)"
Tinte pelo permanente color rubio oscuro rojizo nº 6.6 Imaqe de Dia caja 1 unidad,https://www.dia.es/perfumeria-higiene-salud/tintes/p/292775,https://www.dia.es/product_images/292775/292775_ISO_0_ES.jpg?imwidth=392,"3,85 €",No disponible,No disponible,"(3,85 €/UNIDAD)"
Tinte pelo permanente color chocolate nº 5.93 Imaqe de Dia caja 1 unidad,https://www.dia.es/perfumeria-higiene-salud/tintes/p/292774,https://www.dia.es/product_images/292774/292774_ISO_0_ES.jpg?imwidth=392,"3,85 €",No disponible,No disponible,"(3,85 €/UNIDAD)"
Tinte rubio extra claro nº110 Color sensation caja 1 unidad,https://www.dia.es/perfumeria-higiene-salud/tintes/p/149192,https://www.dia.es/product_images/149192/149192_ISO_0_ES.jpg?imwidth=392,"3,99 €",No disponible,No disponible,"(3,99 €/UNIDAD)"
Tinte pelo permanente color castaño claro nº 5.0 Imaqe de Dia caja 1 unidad,https://www.dia.es/perfumeria-higiene-salud/tintes/p/292766,https://www.dia.es/product_images/292766/292766_ISO_0_ES.jpg?imwidth=392,"3,85 €",No disponible,No disponible,"(3,85 €/UNIDAD)"
Tinte negro azulado nº1.1 Palette caja 1 unidad,https://www.dia.es/perfumeria-higiene-salud/tintes/p/148419,https://www.dia.es/product_images/148419/148419_ISO_0_ES.jpg?imwidth=392,"4,69 €",No disponible,No disponible,"(4,69 €/UNIDAD)"
Tinte pelo permanente color rubio medio nº 7.0 Imaqe de Dia caja 1 unidad,https://www.dia.es/perfumeria-higiene-salud/tintes/p/292769,https://www.dia.es/product_images/292769/292769_ISO_0_ES.jpg?imwidth=392,"3,85 €",No disponible,No disponible,"(3,85 €/UNIDAD)"
Tinte rojo intenso nº6.60 Color sensation caja 1 unidad,https://www.dia.es/perfumeria-higiene-salud/tintes/p/155546,https://www.dia.es/product_images/155546/155546_ISO_0_ES.jpg?imwidth=392,"3,99 €",No disponible,No disponible,"(3,99 €/UNIDAD)"
Tinte rubio caramelo nº6.35 Color sensation caja 1 unidad,https://www.dia.es/perfumeria-higiene-salud/tintes/p/155542,https://www.dia.es/product_images/155542/155542_ISO_0_ES.jpg?imwidth=392,"3,99 €",No disponible,No disponible,"(3,99 €/UNIDAD)"
Tinte rubio oscuro nº6.10 Nutrisse caja 1 unidad,https://www.dia.es/perfumeria-higiene-salud/tintes/p/225771,https://www.dia.es/product_images/225771/225771_ISO_0_ES.jpg?imwidth=392,"5,99 €",No disponible,No disponible,"(5,99 €/UNIDAD)"
Tinte pelo permanente color rubio claro dorado nº 8.34 Imaqe de Dia caja 1 unidad,https://www.dia.es/perfumeria-higiene-salud/tintes/p/292776,https://www.dia.es/product_images/292776/292776_ISO_0_ES.jpg?imwidth=392,"3,85 €",No disponible,No disponible,"(3,85 €/UNIDAD)"
Tinte pelo permanente color rubio oscuro nº 6.0 Imaqe de Dia caja 1 unidad,https://www.dia.es/perfumeria-higiene-salud/tintes/p/292767,https://www.dia.es/product_images/292767/292767_ISO_0_ES.jpg?imwidth=392,"3,85 €",No disponible,No disponible,"(3,85 €/UNIDAD)"
Tinte chocolate nº4.15 Color sensation caja 1 unidad,https://www.dia.es/perfumeria-higiene-salud/tintes/p/149193,https://www.dia.es/product_images/149193/149193_ISO_0_ES.jpg?imwidth=392,"3,99 €",No disponible,No disponible,"(3,99 €/UNIDAD)"
Tinte intensive age color 10.1 rubio muy claro ceniza Palette caja 1 unidad,https://www.dia.es/perfumeria-higiene-salud/tintes/p/291562,https://www.dia.es/product_images/291562/291562_ISO_0_ES.jpg?imwidth=392,"5,49 €",No disponible,No disponible,"(5,49 €/UNIDAD)"
Tinte castaño oscuro nº3.65 Palette caja 1 unidad,https://www.dia.es/perfumeria-higiene-salud/tintes/p/148421,https://www.dia.es/product_images/148421/148421_ISO_0_ES.jpg?imwidth=392,"4,69 €",No disponible,No disponible,"(4,69 €/UNIDAD)"
Tinte rubio claro nº8 Nutrisse caja 1 unidad,https://www.dia.es/perfumeria-higiene-salud/tintes/p/225773,https://www.dia.es/product_images/225773/225773_ISO_0_ES.jpg?imwidth=392,"5,99 €",No disponible,No disponible,"(5,99 €/UNIDAD)"
Tinte castaño claro nº5 Palette caja 1 unidad,https://www.dia.es/perfumeria-higiene-salud/tintes/p/154973,https://www.dia.es/product_images/154973/154973_ISO_0_ES.jpg?imwidth=392,"4,69 €",No disponible,No disponible,"(4,69 €/UNIDAD)"
Tinte castaño nº4 Nutrisse caja 1 unidad,https://www.dia.es/perfumeria-higiene-salud/tintes/p/225767,https://www.dia.es/product_images/225767/225767_ISO_0_ES.jpg?imwidth=392,"5,99 €",No disponible,No disponible,"(5,99 €/UNIDAD)"
Toallitas desmaquillantes para pieles sensibles con extractos de rosas Imaqe de Dia bolsa 30 unidades,https://www.dia.es/perfumeria-higiene-salud/limpieza-facial-crema-facial/p/272019,https://www.dia.es/product_images/272019/272019_ISO_0_ES.jpg?imwidth=392,"1,00 €",No disponible,No disponible,"(0,03 €/UNIDAD)"
Toallitas desmaquillantes micelar con aloe vera Imaqe de Dia bolsa 30 unidades,https://www.dia.es/perfumeria-higiene-salud/limpieza-facial-crema-facial/p/272017,https://www.dia.es/product_images/272017/272017_ISO_0_ES.jpg?imwidth=392,"1,00 €",No disponible,No disponible,"(0,03 €/UNIDAD)"
Agua micelar con extracto de pétalos de rosa Imaqe de Dia bote 250 ml,https://www.dia.es/perfumeria-higiene-salud/limpieza-facial-crema-facial/p/272021,https://www.dia.es/product_images/272021/272021_ISO_0_ES.jpg?imwidth=392,"1,99 €",No disponible,No disponible,"(0,80 €/100 ML.)"
Crema facial natural con vitamina C Imaqe de Dia frasco 50 ml,https://www.dia.es/perfumeria-higiene-salud/limpieza-facial-crema-facial/p/292839,https://www.dia.es/product_images/292839/292839_ISO_0_ES.jpg?imwidth=392,"4,95 €",No disponible,No disponible,"(9,90 €/100 ML.)"
Sérum facial natural con vitamina C Imaqe de Dia bote 30 ml,https://www.dia.es/perfumeria-higiene-salud/limpieza-facial-crema-facial/p/292840,https://www.dia.es/product_images/292840/292840_ISO_0_ES.jpg?imwidth=392,"5,90 €",No disponible,No disponible,"(19,67 €/100 ML.)"
Desmaquillante de ojos waterproof Imaqe de Dia bote 125 ml,https://www.dia.es/perfumeria-higiene-salud/limpieza-facial-crema-facial/p/272023,https://www.dia.es/product_images/272023/272023_ISO_0_ES.jpg?imwidth=392,"1,67 €",No disponible,No disponible,"(1,34 €/100 ML.)"
Gel limpiador facial refrescante aloe vera y hamamelis Imaqe de Dia bote 250 ml,https://www.dia.es/perfumeria-higiene-salud/limpieza-facial-crema-facial/p/272024,https://www.dia.es/product_images/272024/272024_ISO_0_ES.jpg?imwidth=392,"2,60 €",No disponible,No disponible,"(1,04 €/100 ML.)"
Leche desmaquillante calmante pétalos de rosa Imaqe de Dia bote 250 ml,https://www.dia.es/perfumeria-higiene-salud/limpieza-facial-crema-facial/p/272022,https://www.dia.es/product_images/272022/272022_ISO_0_ES.jpg?imwidth=392,"1,55 €",No disponible,No disponible,"(0,62 €/100 ML.)"
Mascarilla facial hidratante con aguacate y ácido hialurónico Iroha sobre 1 unidad,https://www.dia.es/perfumeria-higiene-salud/limpieza-facial-crema-facial/p/276978,https://www.dia.es/product_images/276978/276978_ISO_0_ES.jpg?imwidth=392,"2,30 €",No disponible,No disponible,"(2,30 €/UNIDAD)"
Espuma limpiadora facial aloe vera y agua de hamamelis Imaqe de Dia bote 150 ml,https://www.dia.es/perfumeria-higiene-salud/limpieza-facial-crema-facial/p/272026,https://www.dia.es/product_images/272026/272026_ISO_0_ES.jpg?imwidth=392,"2,89 €",No disponible,No disponible,"(1,93 €/100 ML.)"
Agua micelar todo en uno para todo tipo de piel Garnier bote 400 ml,https://www.dia.es/perfumeria-higiene-salud/limpieza-facial-crema-facial/p/177118,https://www.dia.es/product_images/177118/177118_ISO_0_ES.jpg?imwidth=392,"5,49 €",No disponible,No disponible,"(1,37 €/100 ML.)"
Limpiador facial sólido exfoliante con hueso de albaricoque Imaqe de Dia caja 50 g,https://www.dia.es/perfumeria-higiene-salud/limpieza-facial-crema-facial/p/271320,https://www.dia.es/product_images/271320/271320_ISO_0_ES.jpg?imwidth=392,"2,99 €",No disponible,No disponible,"(5,98 €/100 GR.)"
Agua micelar en aceite Garnier bote 400 ml,https://www.dia.es/perfumeria-higiene-salud/limpieza-facial-crema-facial/p/223226,https://www.dia.es/product_images/223226/223226_ISO_0_ES.jpg?imwidth=392,"5,49 €",No disponible,No disponible,"(1,37 €/100 ML.)"
Mascarilla facial de arcilla con carbón activo Imaqe de Dia tubo 100 ml,https://www.dia.es/perfumeria-higiene-salud/limpieza-facial-crema-facial/p/272033,https://www.dia.es/product_images/272033/272033_ISO_0_ES.jpg?imwidth=392,"3,50 €",No disponible,No disponible,"(3,50 €/100 ML.)"
Contorno de ojos pro-collagen Imaqe de Dia caja 15 ml,https://www.dia.es/perfumeria-higiene-salud/limpieza-facial-crema-facial/p/272035,https://www.dia.es/product_images/272035/272035_ISO_0_ES.jpg?imwidth=392,"5,00 €",No disponible,No disponible,"(33,33 €/100 ML.)"
Crema antiedad de día con ácido hialurónico y péptidos Imaqe de Dia frasco 50 ml,https://www.dia.es/perfumeria-higiene-salud/limpieza-facial-crema-facial/p/272041,https://www.dia.es/product_images/272041/272041_ISO_0_ES.jpg?imwidth=392,"5,99 €",No disponible,No disponible,"(11,98 €/100 ML.)"
Contorno de ojos natural antipolución & detox Imaqe de Dia tubo 15 ml,https://www.dia.es/perfumeria-higiene-salud/limpieza-facial-crema-facial/p/272036,https://www.dia.es/product_images/272036/272036_ISO_0_ES.jpg?imwidth=392,"3,90 €",No disponible,No disponible,"(26,00 €/100 ML.)"
Crema de día antiarrugas spf 15 Nivea frasco 50 ml,https://www.dia.es/perfumeria-higiene-salud/limpieza-facial-crema-facial/p/52646,https://www.dia.es/product_images/52646/52646_ISO_0_ES.jpg?imwidth=392,"9,49 €",No disponible,No disponible,"(18,98 €/100 ML.)"
Parches antiarrugas para el contorno de ojos Iroha sobre 2 unidades,https://www.dia.es/perfumeria-higiene-salud/limpieza-facial-crema-facial/p/283006,https://www.dia.es/product_images/283006/283006_ISO_0_ES.jpg?imwidth=392,"2,95 €",No disponible,No disponible,"(1,48 €/UNIDAD)"
Desmaquillante sublime camomila Flor de mayo bote 80 g,https://www.dia.es/perfumeria-higiene-salud/limpieza-facial-crema-facial/p/296817,https://www.dia.es/product_images/296817/296817_ISO_0_ES.jpg?imwidth=392,"6,99 €",No disponible,No disponible,"(8,74 €/100 GR.)"
Quitaesmalte con acetona Imaqe de Dia botella 200 ml,https://www.dia.es/perfumeria-higiene-salud/quitaesmalte/p/297175,https://www.dia.es/product_images/297175/297175_ISO_0_ES.jpg?imwidth=392,"1,15 €",No disponible,No disponible,"(0,58 €/100 ML.)"
Quitaesmalte con acetona pura Imaqe de Dia botella 200 ml,https://www.dia.es/perfumeria-higiene-salud/quitaesmalte/p/297243,https://www.dia.es/product_images/297243/297243_ISO_0_ES.jpg?imwidth=392,"1,70 €",No disponible,No disponible,"(0,85 €/100 ML.)"
Quitaesmalte extrahidratante Cutex botella 200 ml,https://www.dia.es/perfumeria-higiene-salud/quitaesmalte/p/246259,https://www.dia.es/product_images/246259/246259_ISO_0_ES.jpg?imwidth=392,"3,29 €",No disponible,No disponible,"(1,65 €/100 ML.)"
Quitaesmalte sin acetona Imaqe de Dia botella 200 ml,https://www.dia.es/perfumeria-higiene-salud/quitaesmalte/p/297242,https://www.dia.es/product_images/297242/297242_ISO_0_ES.jpg?imwidth=392,"1,30 €",No disponible,No disponible,"(0,65 €/100 ML.)"
Quitaesmalte ultra efectivo Cutex botella 200 ml,https://www.dia.es/perfumeria-higiene-salud/quitaesmalte/p/245193,https://www.dia.es/product_images/245193/245193_ISO_0_ES.jpg?imwidth=392,"3,29 €",No disponible,No disponible,"(1,65 €/100 ML.)"
Espuma de afeitar Imaqe de Dia bote 250 ml,https://www.dia.es/perfumeria-higiene-salud/afeitado/p/297415,https://www.dia.es/product_images/297415/297415_ISO_0_ES.jpg?imwidth=392,"1,95 €",No disponible,No disponible,"(0,78 €/100 ML.)"
Maquinilla de afeitar 2 hojas Imaqe de Dia bolsa 20 unidades,https://www.dia.es/perfumeria-higiene-salud/afeitado/p/289937,https://www.dia.es/product_images/289937/289937_ISO_0_ES.jpg?imwidth=392,"2,65 €",No disponible,No disponible,"(0,13 €/UNIDAD)"
Gel de afeitar Imaqe de Dia bote 200 ml,https://www.dia.es/perfumeria-higiene-salud/afeitado/p/297414,https://www.dia.es/product_images/297414/297414_ISO_0_ES.jpg?imwidth=392,"1,95 €",No disponible,No disponible,"(0,98 €/100 ML.)"
Gel de afeitar clásico piel sensible Gillette spray 200 ml,https://www.dia.es/perfumeria-higiene-salud/afeitado/p/16248,https://www.dia.es/product_images/16248/16248_ISO_0_ES.jpg?imwidth=392,"3,29 €",No disponible,No disponible,"(1,65 €/100 ML.)"
Maquinilla de afeitar desechable Gillette Blue II bolsa 12 unidades,https://www.dia.es/perfumeria-higiene-salud/afeitado/p/284680,https://www.dia.es/product_images/284680/284680_ISO_0_ES.jpg?imwidth=392,"5,99 €",No disponible,No disponible,"(0,50 €/UNIDAD)"
Maquinilla de afeitar 3 hojas Imaqe de Dia bolsa 4 unidades,https://www.dia.es/perfumeria-higiene-salud/afeitado/p/289856,https://www.dia.es/product_images/289856/289856_ISO_0_ES.jpg?imwidth=392,"2,55 €",No disponible,No disponible,"(0,64 €/UNIDAD)"
Bálsamo after shave Imaqe de Dia frasco 100 ml,https://www.dia.es/perfumeria-higiene-salud/afeitado/p/296243,https://www.dia.es/product_images/296243/296243_ISO_0_ES.jpg?imwidth=392,"1,60 €",No disponible,No disponible,"(1,60 €/100 ML.)"
Maquinilla de afeitar 2 hojas Imaqe de Dia bolsa 10 unidades,https://www.dia.es/perfumeria-higiene-salud/afeitado/p/289694,https://www.dia.es/product_images/289694/289694_ISO_0_ES.jpg?imwidth=392,"2,15 €",No disponible,No disponible,"(0,22 €/UNIDAD)"
Bálsamo after shave Nivea frasco 100 ml,https://www.dia.es/perfumeria-higiene-salud/afeitado/p/124014,https://www.dia.es/product_images/124014/124014_ISO_0_ES.jpg?imwidth=392,"5,95 €",No disponible,No disponible,"(5,95 €/100 ML.)"
Loción after shave Imaqe de Dia frasco 100 ml,https://www.dia.es/perfumeria-higiene-salud/afeitado/p/296244,https://www.dia.es/product_images/296244/296244_ISO_0_ES.jpg?imwidth=392,"1,95 €",No disponible,No disponible,"(1,95 €/100 ML.)"
Maquinilla de afeitar desechable Gillette blister 4 unidades,https://www.dia.es/perfumeria-higiene-salud/afeitado/p/284681,https://www.dia.es/product_images/284681/284681_ISO_0_ES.jpg?imwidth=392,"5,79 €",No disponible,No disponible,"(1,45 €/UNIDAD)"
Maquinilla de afeitar recargable 5 hojas Imaqe de Dia caja 1 unidad,https://www.dia.es/perfumeria-higiene-salud/afeitado/p/289859,https://www.dia.es/product_images/289859/289859_ISO_0_ES.jpg?imwidth=392,"5,70 €",No disponible,No disponible,"(5,70 €/UNIDAD)"
Recambios maquinilla de afeitar 5 hojas Imaqe de Dia caja 4 unidades,https://www.dia.es/perfumeria-higiene-salud/afeitado/p/289857,https://www.dia.es/product_images/289857/289857_ISO_0_ES.jpg?imwidth=392,"5,55 €",No disponible,No disponible,"(1,39 €/UNIDAD)"
Maquinilla de afeitar + 2 recambios Gillette Mach3 caja 1 unidad,https://www.dia.es/perfumeria-higiene-salud/afeitado/p/271809,https://www.dia.es/product_images/271809/271809_ISO_0_ES.jpg?imwidth=392,"10,99 €",No disponible,No disponible,"(10,99 €/UNIDAD)"
Espuma de afeitar pieles sensibles La toja spray 300 ml,https://www.dia.es/perfumeria-higiene-salud/afeitado/p/82323,https://www.dia.es/product_images/82323/82323_ISO_0_ES.jpg?imwidth=392,"2,99 €",No disponible,No disponible,"(1,00 €/100 ML.)"
Maquinilla de afeitar recambio Gillette Labs blíster 3 unidades,https://www.dia.es/perfumeria-higiene-salud/afeitado/p/290065,https://www.dia.es/product_images/290065/290065_ISO_0_ES.jpg?imwidth=392,"18,99 €",No disponible,No disponible,"(6,33 €/UNIDAD)"
Maquinilla desechable Wilkinson bolsa 15 unidades,https://www.dia.es/perfumeria-higiene-salud/afeitado/p/185493,https://www.dia.es/product_images/185493/185493_ISO_0_ES.jpg?imwidth=392,"6,79 €",No disponible,No disponible,"(0,45 €/UNIDAD)"
Maquinilla de afeitar recambio Gillette Proglide Fusion blister 3 unidades,https://www.dia.es/perfumeria-higiene-salud/afeitado/p/271800,https://www.dia.es/product_images/271800/271800_ISO_0_ES.jpg?imwidth=392,"16,99 €",No disponible,No disponible,"(5,66 €/UNIDAD)"
Espuma de afeitar clásica Gillette spray 200 ml,https://www.dia.es/perfumeria-higiene-salud/afeitado/p/283650,https://www.dia.es/product_images/283650/283650_ISO_0_ES.jpg?imwidth=392,"2,99 €",No disponible,No disponible,"(1,50 €/100 ML.)"
Recambios hojas de afeitar 2 filos Imaqe de Dia blister 10 unidades,https://www.dia.es/perfumeria-higiene-salud/afeitado/p/289858,https://www.dia.es/product_images/289858/289858_ISO_0_ES.jpg?imwidth=392,"1,79 €",No disponible,No disponible,"(0,18 €/UNIDAD)"
Maquinilla depilación dos hojas Imaqe de Dia bolsa 10 unidades,https://www.dia.es/perfumeria-higiene-salud/depilacion/p/289921,https://www.dia.es/product_images/289921/289921_ISO_0_ES.jpg?imwidth=392,"1,80 €",No disponible,No disponible,"(0,18 €/UNIDAD)"
Cera depilatoria caliente Imaqe de Dia bote 100 g,https://www.dia.es/perfumeria-higiene-salud/depilacion/p/284104,https://www.dia.es/product_images/284104/284104_ISO_0_ES.jpg?imwidth=392,"2,65 €",No disponible,No disponible,"(2,65 €/100 GR.)"
Banda depilatoria facial aloe vera Imaqe de Dia frasco 16 unidades,https://www.dia.es/perfumeria-higiene-salud/depilacion/p/284105,https://www.dia.es/product_images/284105/284105_ISO_0_ES.jpg?imwidth=392,"1,10 €",No disponible,No disponible,"(0,07 €/UNIDAD)"
Maquinilla depilación 3 hojas Imaqe de Dia bolsa 4 unidades,https://www.dia.es/perfumeria-higiene-salud/depilacion/p/289922,https://www.dia.es/product_images/289922/289922_ISO_0_ES.jpg?imwidth=392,"2,60 €",No disponible,No disponible,"(0,65 €/UNIDAD)"
Bandas de cera depilatoria corporal aloe vera Imaqe de Dia estuche 20 unidades,https://www.dia.es/perfumeria-higiene-salud/depilacion/p/284106,https://www.dia.es/product_images/284106/284106_ISO_0_ES.jpg?imwidth=392,"1,40 €",No disponible,No disponible,"(0,07 €/UNIDAD)"
Maquinilla desechable mujer Gillette Blue II blister 5 unidades,https://www.dia.es/perfumeria-higiene-salud/depilacion/p/65899,https://www.dia.es/product_images/65899/65899_ISO_0_ES.jpg?imwidth=392,"2,99 €",No disponible,No disponible,"(0,60 €/UNIDAD)"
Bandas de cera depilatoria facial Veet caja 20 unidades,https://www.dia.es/perfumeria-higiene-salud/depilacion/p/273753,https://www.dia.es/product_images/273753/273753_ISO_0_ES.jpg?imwidth=392,"4,99 €",No disponible,No disponible,"(0,25 €/UNIDAD)"
Crema depilatoria aloe vera Imaqe de Dia bote 200 ml,https://www.dia.es/perfumeria-higiene-salud/depilacion/p/284103,https://www.dia.es/product_images/284103/284103_ISO_0_ES.jpg?imwidth=392,"3,19 €",No disponible,No disponible,"(1,60 €/100 ML.)"
Recambio maquinilla de depilación 5 hojas Imaqe de Dia caja 2 unidades,https://www.dia.es/perfumeria-higiene-salud/depilacion/p/289924,https://www.dia.es/product_images/289924/289924_ISO_0_ES.jpg?imwidth=392,"4,90 €",No disponible,No disponible,"(2,45 €/UNIDAD)"
Maquinilla confortglide spa breeze Gillette Venus blister 1 unidad,https://www.dia.es/perfumeria-higiene-salud/depilacion/p/284682,https://www.dia.es/product_images/284682/284682_ISO_0_ES.jpg?imwidth=392,"7,99 €",No disponible,No disponible,"(7,99 €/UNIDAD)"
Maquinilla confortglide spa breeze recambio Gillette Venus blister 4 unidades,https://www.dia.es/perfumeria-higiene-salud/depilacion/p/284683,https://www.dia.es/product_images/284683/284683_ISO_0_ES.jpg?imwidth=392,"14,99 €",No disponible,No disponible,"(3,75 €/UNIDAD)"
Maquinilla desechable mujer Wilkinson blister 7 unidades,https://www.dia.es/perfumeria-higiene-salud/depilacion/p/151534,https://www.dia.es/product_images/151534/151534_ISO_0_ES.jpg?imwidth=392,"3,55 €",No disponible,No disponible,"(0,51 €/UNIDAD)"
Maquinilla depilación recargable 5 hojas Imaqe de Dia caja 1 unidad,https://www.dia.es/perfumeria-higiene-salud/depilacion/p/289923,https://www.dia.es/product_images/289923/289923_ISO_0_ES.jpg?imwidth=392,"4,85 €",No disponible,No disponible,"(4,85 €/UNIDAD)"
Crema depilatoria piel sensible Veet tubo 200 ml,https://www.dia.es/perfumeria-higiene-salud/depilacion/p/143654,https://www.dia.es/product_images/143654/143654_ISO_0_ES.jpg?imwidth=392,"4,99 €",No disponible,No disponible,"(2,50 €/100 ML.)"
Maquinilla depilación 5 hojas formato viaje Imaqe de Dia caja 1 unidad,https://www.dia.es/perfumeria-higiene-salud/depilacion/p/289925,https://www.dia.es/product_images/289925/289925_ISO_0_ES.jpg?imwidth=392,"4,90 €",No disponible,No disponible,"(4,90 €/UNIDAD)"
Crema depilatoria áreas sensibles + bálsamo post-depilación Veet Men caja 150 ml,https://www.dia.es/perfumeria-higiene-salud/depilacion/p/284752,https://www.dia.es/product_images/284752/284752_ISO_0_ES.jpg?imwidth=392,"6,49 €",No disponible,No disponible,"(4,33 €/100 ML.)"
Maquinilla desechable mujer Wilkinson blister 8 unidades,https://www.dia.es/perfumeria-higiene-salud/depilacion/p/236341,https://www.dia.es/product_images/236341/236341_ISO_0_ES.jpg?imwidth=392,"7,39 €",No disponible,No disponible,"(0,92 €/UNIDAD)"
Bandas de cera depilatoria corporal Veet caja 20 unidades,https://www.dia.es/perfumeria-higiene-salud/depilacion/p/273754,https://www.dia.es/product_images/273754/273754_ISO_0_ES.jpg?imwidth=392,"5,49 €",No disponible,No disponible,"(0,27 €/UNIDAD)"
Gel crema depilatorio corporal piel sensible Veet tubo 200 ml,https://www.dia.es/perfumeria-higiene-salud/depilacion/p/152409,https://www.dia.es/product_images/152409/152409_ISO_0_ES.jpg?imwidth=392,"4,99 €",No disponible,No disponible,"(2,50 €/100 ML.)"
Crema gel depilatoria hidratante Body Natur tubo 200 ml,https://www.dia.es/perfumeria-higiene-salud/depilacion/p/256811,https://www.dia.es/product_images/256811/256811_ISO_0_ES.jpg?imwidth=392,"3,45 €",No disponible,No disponible,"(1,73 €/100 ML.)"
Agua de colonia familiar fresh Imaqe de Dia botella 750 ml,https://www.dia.es/perfumeria-higiene-salud/colonias/p/294452,https://www.dia.es/product_images/294452/294452_ISO_0_ES.jpg?imwidth=392,"1,95 €",No disponible,No disponible,"(0,26 €/100 ML.)"
Body mist berries Flor de mayo spray 200 ml,https://www.dia.es/perfumeria-higiene-salud/colonias/p/296816,https://www.dia.es/product_images/296816/296816_ISO_0_ES.jpg?imwidth=392,"2,50 €",No disponible,No disponible,"(1,25 €/100 ML.)"
Body mist coconut Imaqe de Dia spray 200 ml,https://www.dia.es/perfumeria-higiene-salud/colonias/p/298141,https://www.dia.es/product_images/298141/298141_ISO_0_ES.jpg?imwidth=392,"3,50 €",No disponible,No disponible,"(1,75 €/100 ML.)"
Agua fresca de flor de naranjo Álvarez Gómez spray 300 ml,https://www.dia.es/perfumeria-higiene-salud/colonias/p/259033,https://www.dia.es/product_images/259033/259033_ISO_0_ES.jpg?imwidth=392,"2,95 €",No disponible,No disponible,"(0,98 €/100 ML.)"
Loción corporal passionate romance shimmer Flor de mayo spray 195 ml,https://www.dia.es/perfumeria-higiene-salud/colonias/p/297691,https://www.dia.es/product_images/297691/297691_ISO_0_ES.jpg?imwidth=392,"2,99 €",No disponible,No disponible,"(1,53 €/100 ML.)"
Agua de colonia clásica fresh S3 botella 750 ml,https://www.dia.es/perfumeria-higiene-salud/colonias/p/270997,https://www.dia.es/product_images/270997/270997_ISO_0_ES.jpg?imwidth=392,"3,45 €",No disponible,No disponible,"(0,46 €/100 ML.)"
Agua de colonia familiar lavanda Imaqe de Dia botella 750 ml,https://www.dia.es/perfumeria-higiene-salud/colonias/p/294453,https://www.dia.es/product_images/294453/294453_ISO_0_ES.jpg?imwidth=392,"1,95 €",No disponible,No disponible,"(0,26 €/100 ML.)"
Colonia muy mío Bustamante frasco 100 ml,https://www.dia.es/perfumeria-higiene-salud/colonias/p/155675,https://www.dia.es/product_images/155675/155675_ISO_0_ES.jpg?imwidth=392,"7,99 €",No disponible,No disponible,"(7,99 €/100 ML.)"
Agua de colonia gotas frescas Instituto Español spray 250 ml,https://www.dia.es/perfumeria-higiene-salud/colonias/p/189735,https://www.dia.es/product_images/189735/189735_ISO_0_ES.jpg?imwidth=392,"4,95 €",No disponible,No disponible,"(1,98 €/100 ML.)"
Colonia poseidon gold for men Poseidon frasco 150 ml,https://www.dia.es/perfumeria-higiene-salud/colonias/p/231214,https://www.dia.es/product_images/231214/231214_ISO_0_ES.jpg?imwidth=392,"11,95 €",No disponible,No disponible,"(7,97 €/100 ML.)"
Colonia de coco Fruits attraction frasco 100 ml,https://www.dia.es/perfumeria-higiene-salud/colonias/p/249084,https://www.dia.es/product_images/249084/249084_ISO_0_ES.jpg?imwidth=392,"4,75 €",No disponible,No disponible,"(4,75 €/100 ML.)"
Agua de colonia Spiderman frasco 30 ml,https://www.dia.es/perfumeria-higiene-salud/colonias/p/172686,https://www.dia.es/product_images/172686/172686_ISO_0_ES.jpg?imwidth=392,"4,20 €",No disponible,No disponible,"(14,00 €/100 ML.)"
Body mist rose petals Imaqe de Dia spray 200 ml,https://www.dia.es/perfumeria-higiene-salud/colonias/p/298444,https://www.dia.es/product_images/298444/298444_ISO_0_ES.jpg?imwidth=392,"3,50 €",No disponible,No disponible,"(1,75 €/100 ML.)"
Colonia agua fresca de azahar Aire de Sevilla frasco 150 ml,https://www.dia.es/perfumeria-higiene-salud/colonias/p/188781,https://www.dia.es/product_images/188781/188781_ISO_0_ES.jpg?imwidth=392,"10,45 €",No disponible,No disponible,"(6,97 €/100 ML.)"
Agua de colonia gotas frescas Instituto Español botella 750 ml,https://www.dia.es/perfumeria-higiene-salud/colonias/p/231212,https://www.dia.es/product_images/231212/231212_ISO_0_ES.jpg?imwidth=392,"7,95 €",No disponible,No disponible,"(1,06 €/100 ML.)"
Agua de colonia Frozen frasco 30 ml,https://www.dia.es/perfumeria-higiene-salud/colonias/p/296802,https://www.dia.es/product_images/296802/296802_ISO_0_ES.jpg?imwidth=392,"4,20 €",No disponible,No disponible,"(14,00 €/100 ML.)"
Mini perfume hombre Blue Flor de mayo frasco 23 ml,https://www.dia.es/perfumeria-higiene-salud/colonias/p/296306,https://www.dia.es/product_images/296306/296306_ISO_0_ES.jpg?imwidth=392,"1,70 €",No disponible,No disponible,"(7,39 €/100 ML.)"
Colonia sweet explos Ice cream frasco 30 ml,https://www.dia.es/perfumeria-higiene-salud/colonias/p/293478,https://www.dia.es/product_images/293478/293478_ISO_0_ES.jpg?imwidth=392,"3,25 €",No disponible,No disponible,"(10,83 €/100 ML.)"
Colonia oriental flower Imaqe de Dia frasco 98 ml,https://www.dia.es/perfumeria-higiene-salud/colonias/p/302130,https://www.dia.es/product_images/302130/302130_ISO_0_ES.jpg?imwidth=392,"3,99 €",No disponible,No disponible,"(4,07 €/100 ML.)"
Colonia coconut paradise Imaqe de Dia frasco 98 ml,https://www.dia.es/perfumeria-higiene-salud/colonias/p/302129,https://www.dia.es/product_images/302129/302129_ISO_0_ES.jpg?imwidth=392,"3,99 €",No disponible,No disponible,"(4,07 €/100 ML.)"
Jabón de manos de aloe vera Imaqe de Dia bote 500 ml,https://www.dia.es/perfumeria-higiene-salud/jabon-de-manos/p/273844,https://www.dia.es/product_images/273844/273844_ISO_0_ES.jpg?imwidth=392,"0,99 €",No disponible,No disponible,"(0,20 €/100 ML.)"
Recambio jabón de manos de aloe vera Imaqe de Dia bolsa 500 ml,https://www.dia.es/perfumeria-higiene-salud/jabon-de-manos/p/273842,https://www.dia.es/product_images/273842/273842_ISO_0_ES.jpg?imwidth=392,"0,79 €",No disponible,No disponible,"(0,16 €/100 ML.)"
Jabón de manos oliva Imaqe de Dia bote 500 ml,https://www.dia.es/perfumeria-higiene-salud/jabon-de-manos/p/273843,https://www.dia.es/product_images/273843/273843_ISO_0_ES.jpg?imwidth=392,"1,30 €",No disponible,No disponible,"(0,26 €/100 ML.)"
Jabón de manos de almendra y miel Imaqe de Dia bote 500 ml,https://www.dia.es/perfumeria-higiene-salud/jabon-de-manos/p/273835,https://www.dia.es/product_images/273835/273835_ISO_0_ES.jpg?imwidth=392,"1,00 €",No disponible,No disponible,"(0,20 €/100 ML.)"
Recambio jabón de manos almendra y miel Imaqe de Dia bolsa 500 ml,https://www.dia.es/perfumeria-higiene-salud/jabon-de-manos/p/273839,https://www.dia.es/product_images/273839/273839_ISO_0_ES.jpg?imwidth=392,"0,95 €",No disponible,No disponible,"(0,19 €/100 ML.)"
Jabón de manos con rosa y jazmín Imaqe de Dia bote 500 ml,https://www.dia.es/perfumeria-higiene-salud/jabon-de-manos/p/273838,https://www.dia.es/product_images/273838/273838_ISO_0_ES.jpg?imwidth=392,"1,35 €",No disponible,No disponible,"(0,27 €/100 ML.)"
Jabón de manos almendra y leche Palmolive 3 x 90 g,https://www.dia.es/perfumeria-higiene-salud/jabon-de-manos/p/180212,https://www.dia.es/product_images/180212/180212_ISO_0_ES.jpg?imwidth=392,"2,29 €",No disponible,No disponible,"(0,85 €/100 GR.)"
Jabón de manos con glicerina Imaqe de Dia bote 500 ml,https://www.dia.es/perfumeria-higiene-salud/jabon-de-manos/p/273836,https://www.dia.es/product_images/273836/273836_ISO_0_ES.jpg?imwidth=392,"1,35 €",No disponible,No disponible,"(0,27 €/100 ML.)"
Jabón de manos Tradición Imaqe de Dia bote 500 ml,https://www.dia.es/perfumeria-higiene-salud/jabon-de-manos/p/300927,https://www.dia.es/product_images/300927/300927_ISO_0_ES.jpg?imwidth=392,"1,30 €",No disponible,No disponible,"(0,26 €/100 ML.)"
Jabón de manos Dove 2 x 90 g,https://www.dia.es/perfumeria-higiene-salud/jabon-de-manos/p/32840,https://www.dia.es/product_images/32840/32840_ISO_0_ES.jpg?imwidth=392,"1,99 €",No disponible,No disponible,"(1,11 €/100 GR.)"
Jabón de manos líquido infantil Sonic Planeta Junior de Dia bote 500 ml,https://www.dia.es/perfumeria-higiene-salud/jabon-de-manos/p/304726,https://www.dia.es/product_images/304726/304726_ISO_0_ES.jpg?imwidth=392,"1,30 €",No disponible,No disponible,"(0,26 €/100 ML.)"
Jabón de manos neutraliza olores Imaqe de Dia bote 500 ml,https://www.dia.es/perfumeria-higiene-salud/jabon-de-manos/p/273837,https://www.dia.es/product_images/273837/273837_ISO_0_ES.jpg?imwidth=392,"1,55 €",No disponible,No disponible,"(0,31 €/100 ML.)"
Jabón de manos avena Imaqe de Dia 100 g,https://www.dia.es/perfumeria-higiene-salud/jabon-de-manos/p/302917,https://www.dia.es/product_images/302917/302917_ISO_0_ES.jpg?imwidth=392,"1,00 €",No disponible,No disponible,"(1,00 €/100 GR.)"
Jabón de manos líquido con almendras Palmolive bote 300 ml,https://www.dia.es/perfumeria-higiene-salud/jabon-de-manos/p/160737,https://www.dia.es/product_images/160737/160737_ISO_0_ES.jpg?imwidth=392,"2,39 €",No disponible,No disponible,"(0,80 €/100 ML.)"
Jabón de manos líquido Sanex Dermo bote 250 ml,https://www.dia.es/perfumeria-higiene-salud/jabon-de-manos/p/196052,https://www.dia.es/product_images/196052/196052_ISO_0_ES.jpg?imwidth=392,"2,39 €",No disponible,No disponible,"(0,96 €/100 ML.)"
Jabón de manos líquido para niños Johnson bote 300 ml,https://www.dia.es/perfumeria-higiene-salud/jabon-de-manos/p/263376,https://www.dia.es/product_images/263376/263376_ISO_0_ES.jpg?imwidth=392,"1,99 €",No disponible,No disponible,"(0,66 €/100 ML.)"
Jabón de manos clásico Magno 2 x 100 g,https://www.dia.es/perfumeria-higiene-salud/jabon-de-manos/p/152665,https://www.dia.es/product_images/152665/152665_ISO_0_ES.jpg?imwidth=392,"2,49 €",No disponible,No disponible,"(1,25 €/100 GR.)"
Jabón de manos líquido leche y miel Palmolive bote 300 ml,https://www.dia.es/perfumeria-higiene-salud/jabon-de-manos/p/36810,https://www.dia.es/product_images/36810/36810_ISO_0_ES.jpg?imwidth=392,"2,39 €",No disponible,No disponible,"(0,80 €/100 ML.)"
Jabón de manos líquido elimina olores cocina Palmolive bote 300 ml,https://www.dia.es/perfumeria-higiene-salud/jabon-de-manos/p/89325,https://www.dia.es/product_images/89325/89325_ISO_0_ES.jpg?imwidth=392,"2,39 €",No disponible,No disponible,"(0,80 €/100 ML.)"
Jabón de manos líquido hidratante Sanytol bote 250 ml,https://www.dia.es/perfumeria-higiene-salud/jabon-de-manos/p/264062,https://www.dia.es/product_images/264062/264062_ISO_0_ES.jpg?imwidth=392,"2,19 €",No disponible,No disponible,"(0,88 €/100 ML.)"
Leche solar spf 50+ formato viaje Imaqe de Dia bote 100 ml,https://www.dia.es/perfumeria-higiene-salud/cremas-solares/p/288680,https://www.dia.es/product_images/288680/288680_ISO_0_ES.jpg?imwidth=392,"3,29 €",No disponible,No disponible,"(3,29 €/100 ML.)"
Aceite solar tacto seco con acelerador spf 15 Imaqe de Dia bote 250 ml,https://www.dia.es/perfumeria-higiene-salud/cremas-solares/p/274488,https://www.dia.es/product_images/274488/274488_ISO_0_ES.jpg?imwidth=392,"3,45 €",No disponible,No disponible,"(1,38 €/100 ML.)"
Protector solar sensitive spf 50+ Imaqe de Dia bote 250 ml,https://www.dia.es/perfumeria-higiene-salud/cremas-solares/p/274496,https://www.dia.es/product_images/274496/274496_ISO_0_ES.jpg?imwidth=392,"4,89 €",No disponible,No disponible,"(1,96 €/100 ML.)"
Bruma solar protege & refresca spf 50 Nivea spray 200 ml,https://www.dia.es/perfumeria-higiene-salud/cremas-solares/p/178491,https://www.dia.es/product_images/178491/178491_ISO_0_ES.jpg?imwidth=392,"15,49 €",No disponible,No disponible,"(7,75 €/100 ML.)"
Protector solar protege & broncea spf 30 Nivea spray 270 ml,https://www.dia.es/perfumeria-higiene-salud/cremas-solares/p/293269,https://www.dia.es/product_images/293269/293269_ISO_0_ES.jpg?imwidth=392,"14,99 €",No disponible,No disponible,"(5,55 €/100 ML.)"
Leche solar protege & hidrata spf 30 Nivea bote 200 ml,https://www.dia.es/perfumeria-higiene-salud/cremas-solares/p/161727,https://www.dia.es/product_images/161727/161727_ISO_0_ES.jpg?imwidth=392,"12,99 €",No disponible,No disponible,"(6,50 €/100 ML.)"
Aceite solar protector dorado sublime spf 20 Delial botella 150 ml,https://www.dia.es/perfumeria-higiene-salud/cremas-solares/p/120271,https://www.dia.es/product_images/120271/120271_ISO_0_ES.jpg?imwidth=392,"9,99 €",No disponible,No disponible,"(6,66 €/100 ML.)"
Aftersun loción hidratante Nivea botella 400 ml,https://www.dia.es/perfumeria-higiene-salud/cremas-solares/p/119023,https://www.dia.es/product_images/119023/119023_ISO_0_ES.jpg?imwidth=392,"10,99 €",No disponible,No disponible,"(2,75 €/100 ML.)"
Compresas ultrafinas normal con alas Esos Dias bolsa 16 unidades,https://www.dia.es/perfumeria-higiene-salud/compresas-y-cuidado-intimo/p/283817,https://www.dia.es/product_images/283817/283817_ISO_0_ES.jpg?imwidth=392,"1,00 €",No disponible,No disponible,"(0,06 €/UNIDAD)"
Compresas ultrafinas super con alas Esos Dias bolsa 14 unidades,https://www.dia.es/perfumeria-higiene-salud/compresas-y-cuidado-intimo/p/283818,https://www.dia.es/product_images/283818/283818_ISO_0_ES.jpg?imwidth=392,"1,00 €",No disponible,No disponible,"(0,07 €/UNIDAD)"
Protegeslips clásico Esos Dias caja 40 unidades,https://www.dia.es/perfumeria-higiene-salud/compresas-y-cuidado-intimo/p/283821,https://www.dia.es/product_images/283821/283821_ISO_0_ES.jpg?imwidth=392,"0,99 €",No disponible,No disponible,"(0,02 €/UNIDAD)"
Compresas ultrafina noche con alas Esos Dias bolsa 10 unidades,https://www.dia.es/perfumeria-higiene-salud/compresas-y-cuidado-intimo/p/283819,https://www.dia.es/product_images/283819/283819_ISO_0_ES.jpg?imwidth=392,"1,59 €",No disponible,No disponible,"(0,16 €/UNIDAD)"
Compresas ultrafina normal sin alas Esos Dias bolsa 16 unidades,https://www.dia.es/perfumeria-higiene-salud/compresas-y-cuidado-intimo/p/283816,https://www.dia.es/product_images/283816/283816_ISO_0_ES.jpg?imwidth=392,"1,00 €",No disponible,No disponible,"(0,06 €/UNIDAD)"
Toallitas íntimas con aloe vera Imaqe de Dia bolsa 20 unidades,https://www.dia.es/perfumeria-higiene-salud/compresas-y-cuidado-intimo/p/296951,https://www.dia.es/product_images/296951/296951_ISO_0_ES.jpg?imwidth=392,"1,04 €",No disponible,No disponible,"(0,05 €/UNIDAD)"
Tampón con aplicador compact súper Esos Dias caja 32 unidades,https://www.dia.es/perfumeria-higiene-salud/compresas-y-cuidado-intimo/p/283831,https://www.dia.es/product_images/283831/283831_ISO_0_ES.jpg?imwidth=392,"3,25 €",No disponible,No disponible,"(0,10 €/UNIDAD)"
Compresas normal con alas Evax bolsa 16 unidades,https://www.dia.es/perfumeria-higiene-salud/compresas-y-cuidado-intimo/p/27651,https://www.dia.es/product_images/27651/27651_ISO_0_ES.jpg?imwidth=392,"2,83 €",No disponible,No disponible,"(0,18 €/UNIDAD)"
Protegeslips cotton-algodón normal Esos Dias caja 28 unidades,https://www.dia.es/perfumeria-higiene-salud/compresas-y-cuidado-intimo/p/287447,https://www.dia.es/product_images/287447/287447_ISO_0_ES.jpg?imwidth=392,"1,85 €",No disponible,No disponible,"(0,07 €/UNIDAD)"
Compresas noche con alas más larga Ausonia bolsa 9 unidades,https://www.dia.es/perfumeria-higiene-salud/compresas-y-cuidado-intimo/p/131303,https://www.dia.es/product_images/131303/131303_ISO_0_ES.jpg?imwidth=392,"2,09 €",No disponible,No disponible,"(0,23 €/UNIDAD)"
Compresas clásicas normal sin alas Esos Dias bolsa 20 unidades,https://www.dia.es/perfumeria-higiene-salud/compresas-y-cuidado-intimo/p/283812,https://www.dia.es/product_images/283812/283812_ISO_0_ES.jpg?imwidth=392,"0,91 €",No disponible,No disponible,"(0,05 €/UNIDAD)"
Protegeslips maxi Esos Dias caja 36 unidades,https://www.dia.es/perfumeria-higiene-salud/compresas-y-cuidado-intimo/p/283825,https://www.dia.es/product_images/283825/283825_ISO_0_ES.jpg?imwidth=392,"1,89 €",No disponible,No disponible,"(0,05 €/UNIDAD)"
Tampones super plus compak Tampax caja 18 unidades,https://www.dia.es/perfumeria-higiene-salud/compresas-y-cuidado-intimo/p/146197,https://www.dia.es/product_images/146197/146197_ISO_0_ES.jpg?imwidth=392,"4,39 €",No disponible,No disponible,"(0,24 €/UNIDAD)"
Compresas super con alas Ausonia bolsa 12 unidades,https://www.dia.es/perfumeria-higiene-salud/compresas-y-cuidado-intimo/p/216906,https://www.dia.es/product_images/216906/216906_ISO_0_ES.jpg?imwidth=392,"2,09 €",No disponible,No disponible,"(0,17 €/UNIDAD)"
Compresas normal con alas Evax bolsa 12 unidades,https://www.dia.es/perfumeria-higiene-salud/compresas-y-cuidado-intimo/p/236876,https://www.dia.es/product_images/236876/236876_ISO_0_ES.jpg?imwidth=392,"3,49 €",No disponible,No disponible,"(0,29 €/UNIDAD)"
Tampón con aplicador compact normal Esos Dias caja 32 unidades,https://www.dia.es/perfumeria-higiene-salud/compresas-y-cuidado-intimo/p/283830,https://www.dia.es/product_images/283830/283830_ISO_0_ES.jpg?imwidth=392,"3,25 €",No disponible,No disponible,"(0,10 €/UNIDAD)"
Protegeslips normal Evax 50 unidades,https://www.dia.es/perfumeria-higiene-salud/compresas-y-cuidado-intimo/p/155304,https://www.dia.es/product_images/155304/155304_ISO_0_ES.jpg?imwidth=392,"2,79 €",No disponible,No disponible,"(0,06 €/UNIDAD)"
Protegeslips cotton-algodón maxi Esos Dias caja 28 unidades,https://www.dia.es/perfumeria-higiene-salud/compresas-y-cuidado-intimo/p/287448,https://www.dia.es/product_images/287448/287448_ISO_0_ES.jpg?imwidth=392,"1,85 €",No disponible,No disponible,"(0,07 €/UNIDAD)"
Tampón super Tampax caja 20 unidades,https://www.dia.es/perfumeria-higiene-salud/compresas-y-cuidado-intimo/p/3282,https://www.dia.es/product_images/3282/3282_ISO_0_ES.jpg?imwidth=392,"4,39 €",No disponible,No disponible,"(0,22 €/UNIDAD)"
Compresas clásicas noche sin alas Esos Dias bolsa 10 unidades,https://www.dia.es/perfumeria-higiene-salud/compresas-y-cuidado-intimo/p/283815,https://www.dia.es/product_images/283815/283815_ISO_0_ES.jpg?imwidth=392,"1,79 €",No disponible,No disponible,"(0,18 €/UNIDAD)"
Semillas de chía Ecocesta bolsa 160 g,https://www.dia.es/perfumeria-higiene-salud/complementos-nutricionales/p/284861,https://www.dia.es/product_images/284861/284861_ISO_0_ES.jpg?imwidth=392,"2,24 €",Grasas 35g de las cuales saturadas 3.2g Hidratos de Carbono 1.2g de los cuales azúcares 0.8g Fibra alimentaria 32g Proteínas 20g Sal 0.04g,No disponible,"(14,00 €/KILO)"
"Cabello, uñas y piel Vivisima+ caja 50 unidades",https://www.dia.es/perfumeria-higiene-salud/complementos-nutricionales/p/145578,https://www.dia.es/product_images/145578/145578_ISO_0_ES.jpg?imwidth=392,"3,89 €",Grasas 0.2g de las cuales saturadas 0g Hidratos de Carbono 84.8g de los cuales azúcares 0g Proteínas 7.5g Sal 0g,No disponible,"(0,08 €/UNIDAD)"
Melatonina Vivisima+ caja 40 unidades,https://www.dia.es/perfumeria-higiene-salud/complementos-nutricionales/p/168000,https://www.dia.es/product_images/168000/168000_ISO_0_ES.jpg?imwidth=392,"3,99 €",Grasas 0g de las cuales saturadas 0g Hidratos de Carbono 96.7g de los cuales azúcares 0g Proteínas 1.5g Sal 0g,No disponible,"(0,10 €/UNIDAD)"
Colágeno hidrolizado y magnesio Vivisima+ lata 250 g,https://www.dia.es/perfumeria-higiene-salud/complementos-nutricionales/p/271182,https://www.dia.es/product_images/271182/271182_ISO_0_ES.jpg?imwidth=392,"4,79 €",No disponible,No disponible,"(19,16 €/KILO)"
Gominolas de melatonina Vitaldin frasco 35 unidades,https://www.dia.es/perfumeria-higiene-salud/complementos-nutricionales/p/299305,https://www.dia.es/product_images/299305/299305_ISO_0_ES.jpg?imwidth=392,"6,25 €",No disponible,No disponible,"(0,18 €/UNIDAD)"
Jarabe detoxificante depurativo con alcachofera y zarzaparrilla Natur Tierra caja 250 ml,https://www.dia.es/perfumeria-higiene-salud/complementos-nutricionales/p/183256,https://www.dia.es/product_images/183256/183256_ISO_0_ES.jpg?imwidth=392,"6,85 €",Zinc 10mg,No disponible,"(27,40 €/LITRO)"
Colágeno Vivisima+ caja 50 unidades,https://www.dia.es/perfumeria-higiene-salud/complementos-nutricionales/p/148155,https://www.dia.es/product_images/148155/148155_ISO_0_ES.jpg?imwidth=392,"3,99 €",Grasas 0g de las cuales saturadas 0g Hidratos de Carbono 64.3g de los cuales azúcares 0g Proteínas 32.12g Sal 0g,No disponible,"(0,08 €/UNIDAD)"
Carnitina + magnesio Vivisima+ caja 40 unidades,https://www.dia.es/perfumeria-higiene-salud/complementos-nutricionales/p/219664,https://www.dia.es/product_images/219664/219664_ISO_0_ES.jpg?imwidth=392,"3,59 €",No disponible,No disponible,"(0,09 €/UNIDAD)"
Semillas de lino dorado Ecocesta bolsa 160 g,https://www.dia.es/perfumeria-higiene-salud/complementos-nutricionales/p/284860,https://www.dia.es/product_images/284860/284860_ISO_0_ES.jpg?imwidth=392,"2,24 €",Grasas 42.2g de las cuales saturadas 3.7g Hidratos de Carbono 1.6g de los cuales azúcares 1.2g Fibra alimentaria 27.3g Proteínas 21g Sal 0.01g,No disponible,"(14,00 €/KILO)"
Barrita de proteínas de coco y chocolate Just loading bolsa 27 g,https://www.dia.es/perfumeria-higiene-salud/complementos-nutricionales/p/296122,https://www.dia.es/product_images/296122/296122_ISO_0_ES.jpg?imwidth=392,"1,00 €",No disponible,No disponible,"(37,04 €/KILO)"
Valeriana Vivisima+ caja 50 unidades,https://www.dia.es/perfumeria-higiene-salud/complementos-nutricionales/p/141200,https://www.dia.es/product_images/141200/141200_ISO_0_ES.jpg?imwidth=392,"3,95 €",Grasas 0.2g de las cuales saturadas 0g Hidratos de Carbono 91.6g de los cuales azúcares 0g Proteínas 0.5g Sal 0g,No disponible,"(0,08 €/UNIDAD)"
Gominolas energy Vitaldin frasco 36 unidades,https://www.dia.es/perfumeria-higiene-salud/complementos-nutricionales/p/303157,https://www.dia.es/product_images/303157/303157_ISO_0_ES.jpg?imwidth=392,"6,25 €",No disponible,No disponible,"(0,17 €/UNIDAD)"
Própolis y jalea real + equinácea Vive+ caja 12 unidades,https://www.dia.es/perfumeria-higiene-salud/complementos-nutricionales/p/189101,https://www.dia.es/product_images/189101/189101_ISO_0_ES.jpg?imwidth=392,"5,95 €",No disponible,No disponible,"(0,50 €/UNIDAD)"
Cartílago de tiburón Vivisima+ caja 40 unidades,https://www.dia.es/perfumeria-higiene-salud/complementos-nutricionales/p/184834,https://www.dia.es/product_images/184834/184834_ISO_0_ES.jpg?imwidth=392,"4,39 €",No disponible,No disponible,"(0,11 €/UNIDAD)"
Alcachofa con boldo Vivisima+ caja 50 unidades,https://www.dia.es/perfumeria-higiene-salud/complementos-nutricionales/p/219661,https://www.dia.es/product_images/219661/219661_ISO_0_ES.jpg?imwidth=392,"3,69 €",No disponible,No disponible,"(0,07 €/UNIDAD)"
Batido proteico de chocolate Just loading botella 225 ml,https://www.dia.es/perfumeria-higiene-salud/complementos-nutricionales/p/287450,https://www.dia.es/product_images/287450/287450_ISO_0_ES.jpg?imwidth=392,"1,59 €",Grasas 0.3g de las cuales saturadas 0.2g Hidratos de Carbono 5.1g de los cuales azúcares 5.1g Fibra alimentaria 0.4g Proteínas 8.7g Sal 0.15g,No disponible,"(7,07 €/LITRO)"
Cola de caballo Vivisima+ caja 50 unidades,https://www.dia.es/perfumeria-higiene-salud/complementos-nutricionales/p/141203,https://www.dia.es/product_images/141203/141203_ISO_0_ES.jpg?imwidth=392,"3,95 €",Grasas 0.2g de las cuales saturadas 0g Hidratos de Carbono 90.5g de los cuales azúcares 0g Proteínas 0.7g Sal 0g,No disponible,"(0,08 €/UNIDAD)"
Café verde con zinc y colina Vivisima+ caja 40 unidades,https://www.dia.es/perfumeria-higiene-salud/complementos-nutricionales/p/219665,https://www.dia.es/product_images/219665/219665_ISO_0_ES.jpg?imwidth=392,"3,59 €",No disponible,No disponible,"(0,09 €/UNIDAD)"
Levadura de cerveza Vivisima+ caja 50 unidades,https://www.dia.es/perfumeria-higiene-salud/complementos-nutricionales/p/140840,https://www.dia.es/product_images/140840/140840_ISO_0_ES.jpg?imwidth=392,"3,89 €",Grasas 0.3g de las cuales saturadas 0g Hidratos de Carbono 1.3g de los cuales azúcares 0g Proteínas 59.6g Sal 0g,No disponible,"(0,08 €/UNIDAD)"
Jalea real Vivisima+ caja 12 unidades,https://www.dia.es/perfumeria-higiene-salud/complementos-nutricionales/p/146093,https://www.dia.es/product_images/146093/146093_ISO_0_ES.jpg?imwidth=392,"4,79 €",No disponible,No disponible,"(0,40 €/UNIDAD)"
Bastoncillos de algodón con palo de papel Imaqe de Dia caja 200 unidades,https://www.dia.es/perfumeria-higiene-salud/parafarmacia/p/283889,https://www.dia.es/product_images/283889/283889_ISO_0_ES.jpg?imwidth=392,"1,00 €",No disponible,No disponible,"(0,01 €/UNIDAD)"
Discos de algodón desmaquillantes redondos Imaqe de Dia bolsa 120 unidades,https://www.dia.es/perfumeria-higiene-salud/parafarmacia/p/283887,https://www.dia.es/product_images/283887/283887_ISO_0_ES.jpg?imwidth=392,"0,95 €",No disponible,No disponible,"(0,01 €/UNIDAD)"
Tiritas surtidas Botikit de Dia caja 30 unidades,https://www.dia.es/perfumeria-higiene-salud/parafarmacia/p/297945,https://www.dia.es/product_images/297945/297945_ISO_0_ES.jpg?imwidth=392,"0,99 €",No disponible,No disponible,"(0,03 €/UNIDAD)"
Agua oxigenada Botikit de Dia botella 250 ml,https://www.dia.es/perfumeria-higiene-salud/parafarmacia/p/285800,https://www.dia.es/product_images/285800/285800_ISO_0_ES.jpg?imwidth=392,"0,65 €",No disponible,No disponible,"(0,26 €/100 ML.)"
Alcohol 96º Botikit de Dia botella 250 ml,https://www.dia.es/perfumeria-higiene-salud/parafarmacia/p/285801,https://www.dia.es/product_images/285801/285801_ISO_0_ES.jpg?imwidth=392,"0,75 €",No disponible,No disponible,"(0,30 €/100 ML.)"
Gasas no tejidas Botikit de Dia bolsa 100 unidades,https://www.dia.es/perfumeria-higiene-salud/parafarmacia/p/298707,https://www.dia.es/product_images/298707/298707_ISO_0_ES.jpg?imwidth=392,"1,95 €",No disponible,No disponible,"(0,02 €/UNIDAD)"
Esponjas jabonosas Noname bolsa 10 unidades,https://www.dia.es/perfumeria-higiene-salud/parafarmacia/p/293542,https://www.dia.es/product_images/293542/293542_ISO_0_ES.jpg?imwidth=392,"1,20 €",No disponible,No disponible,"(0,12 €/UNIDAD)"
Tiritas impermeables al agua Botikit de Dia caja 10 unidades,https://www.dia.es/perfumeria-higiene-salud/parafarmacia/p/297951,https://www.dia.es/product_images/297951/297951_ISO_0_ES.jpg?imwidth=392,"1,10 €",No disponible,No disponible,"(0,11 €/UNIDAD)"
Esparadrapo hipoalergénico en tejido sin tejer Botikit de Dia caja 5 m,https://www.dia.es/perfumeria-higiene-salud/parafarmacia/p/297948,https://www.dia.es/product_images/297948/297948_ISO_0_ES.jpg?imwidth=392,"1,20 €",No disponible,No disponible,"(0,24 €/METRO)"
Discos de algodón desmaquillantes ovalados Imaqe de Dia bolsa 70 unidades,https://www.dia.es/perfumeria-higiene-salud/parafarmacia/p/283888,https://www.dia.es/product_images/283888/283888_ISO_0_ES.jpg?imwidth=392,"1,15 €",No disponible,No disponible,"(0,02 €/UNIDAD)"
Vaselina pura Botikit de Dia frasco 100 g,https://www.dia.es/perfumeria-higiene-salud/parafarmacia/p/275205,https://www.dia.es/product_images/275205/275205_ISO_0_ES.jpg?imwidth=392,"2,00 €",No disponible,No disponible,"(2,00 €/100 GR.)"
Desodorante para pies Imaqe de Dia spray 150 ml,https://www.dia.es/perfumeria-higiene-salud/parafarmacia/p/274587,https://www.dia.es/product_images/274587/274587_ISO_0_ES.jpg?imwidth=392,"1,95 €",No disponible,No disponible,"(1,30 €/100 ML.)"
Povidona iodada 10% Cuidaplus bote 125 ml,https://www.dia.es/perfumeria-higiene-salud/parafarmacia/p/302432,https://www.dia.es/product_images/302432/302432_ISO_0_ES.jpg?imwidth=392,"2,25 €",No disponible,No disponible,"(1,80 €/100 ML.)"
Gasas estériles Cosmoplast caja 6 unidades,https://www.dia.es/perfumeria-higiene-salud/parafarmacia/p/163019,https://www.dia.es/product_images/163019/163019_ISO_0_ES.jpg?imwidth=392,"1,10 €",No disponible,No disponible,"(0,18 €/UNIDAD)"
Toallitas higienizantes Diat bolsa 15 unidades,https://www.dia.es/perfumeria-higiene-salud/parafarmacia/p/270106,https://www.dia.es/product_images/270106/270106_ISO_0_ES.jpg?imwidth=392,"0,85 €",No disponible,No disponible,"(0,06 €/UNIDAD)"
Solución para lentes de contacto Botikit de Dia caja 360 ml,https://www.dia.es/perfumeria-higiene-salud/parafarmacia/p/295315,https://www.dia.es/product_images/295315/295315_ISO_0_ES.jpg?imwidth=392,"3,99 €",No disponible,No disponible,"(1,11 €/100 ML.)"
Tiritas resistentes al agua Hansaplast caja 40 unidades,https://www.dia.es/perfumeria-higiene-salud/parafarmacia/p/183099,https://www.dia.es/product_images/183099/183099_ISO_0_ES.jpg?imwidth=392,"2,49 €",No disponible,No disponible,"(0,06 €/UNIDAD)"
Desodorante en polvo para pies Imaqe de Dia bote 100 g,https://www.dia.es/perfumeria-higiene-salud/parafarmacia/p/274586,https://www.dia.es/product_images/274586/274586_ISO_0_ES.jpg?imwidth=392,"2,55 €",No disponible,No disponible,"(2,55 €/100 GR.)"
Bastoncillos de algodón Johnson caja 100 unidades,https://www.dia.es/perfumeria-higiene-salud/parafarmacia/p/152767,https://www.dia.es/product_images/152767/152767_ISO_0_ES.jpg?imwidth=392,"2,49 €",No disponible,No disponible,"(0,02 €/UNIDAD)"
Alcohol de romero refrescante y relajante Imaqe de Dia botella 250 ml,https://www.dia.es/perfumeria-higiene-salud/parafarmacia/p/285847,https://www.dia.es/product_images/285847/285847_ISO_0_ES.jpg?imwidth=392,"1,99 €",No disponible,No disponible,"(0,80 €/100 ML.)"
Papilla de cereales con miel Nestlé caja 725 g,https://www.dia.es/bebe/papilla/p/293494,https://www.dia.es/product_images/293494/293494_ISO_0_ES.jpg?imwidth=392,"5,45 €",Grasas 4.6g de las cuales saturadas 0.8g Hidratos de Carbono 80g de los cuales azúcares 23g Fibra alimentaria 5g Proteínas 9g Ácido Fólico 70µg Sal 0.1g Calcio 180mg Hierro 8.6mg Niacina 6.6µg Tiamina 0.8mg Zinc 1.25mg,No disponible,"(7,52 €/KILO)"
Papilla de cereales y galleta Nestlé caja 475 g,https://www.dia.es/bebe/papilla/p/293490,https://www.dia.es/product_images/293490/293490_ISO_0_ES.jpg?imwidth=392,"3,95 €",Grasas 4.8g de las cuales saturadas 1.6g Hidratos de Carbono 74.5g de los cuales azúcares 21g Fibra alimentaria 4.5g Proteínas 12g Ácido Fólico 60µg Sal 0.11g Calcio 245mg Hierro 8.5mg Niacina 7µg Tiamina 0.8mg Zinc 1.3mg,No disponible,"(8,32 €/KILO)"
Papilla 8 cereales sin azúcares añadidos Hero Baby caja 410 g,https://www.dia.es/bebe/papilla/p/257968,https://www.dia.es/product_images/257968/257968_ISO_0_ES.jpg?imwidth=392,"3,90 €",Grasas 2.2g de las cuales saturadas 0.4g Hidratos de Carbono 75g de los cuales azúcares 1g Fibra alimentaria 6.4g Proteínas 12g Ácido Fólico 70µg Sal 0.03g Calcio 160mg Hierro 7.5mg Niacina 8.5µg Tiamina 0.5mg,No disponible,"(9,51 €/KILO)"
Papilla de 8 cereales Nestlé caja 475 g,https://www.dia.es/bebe/papilla/p/293488,https://www.dia.es/product_images/293488/293488_ISO_0_ES.jpg?imwidth=392,"3,95 €",Grasas 4.6g de las cuales saturadas 0.8g Hidratos de Carbono 76.4g de los cuales azúcares 18.4g Fibra alimentaria 6g Proteínas 10g Ácido Fólico 56µg Sal 0.1g Calcio 180mg Hierro 9.3mg Niacina 6.6µg Tiamina 0.9mg Zinc 1.82mg,No disponible,"(8,32 €/KILO)"
Papilla de arroz sin gluten Nestlé caja 180 g,https://www.dia.es/bebe/papilla/p/302104,https://www.dia.es/product_images/302104/302104_ISO_0_ES.jpg?imwidth=392,"2,59 €",Grasas 0.8g de las cuales saturadas 0.4g Hidratos de Carbono 88.8g de los cuales azúcares 1.5g Fibra alimentaria 0.9g Proteínas 7.4g Ácido Fólico 70µg Sal 0.02g Hierro 11mg Niacina 7.5µg Tiamina 0.8mg Zinc 1mg,No disponible,"(14,39 €/KILO)"
Papilla de cereales con miel Nestlé caja 475 g,https://www.dia.es/bebe/papilla/p/293492,https://www.dia.es/product_images/293492/293492_ISO_0_ES.jpg?imwidth=392,"3,95 €",Grasas 4.6g de las cuales saturadas 0.8g Hidratos de Carbono 80g de los cuales azúcares 23g Fibra alimentaria 5g Proteínas 9g Ácido Fólico 70µg Sal 0.1g Calcio 180mg Hierro 8.6mg Niacina 6.6µg Tiamina 0.8mg Zinc 1.25mg,No disponible,"(8,32 €/KILO)"
Papilla líquida 8 cereales con galleta y leche continuación Nestlé brik 2 x 250 ml,https://www.dia.es/bebe/papilla/p/83913,https://www.dia.es/product_images/83913/83913_ISO_0_ES.jpg?imwidth=392,"2,59 €",Grasas 2.6g de las cuales saturadas 0.4g Hidratos de Carbono 13.2g de los cuales azúcares 5.4g Fibra alimentaria 0.5g Proteínas 2.8g Ácido Fólico 13.8µg Sal 0.07g Biotina 2.8µg Calcio 115mg Hierro 2.1mg Niacina 0.64µg Ácido pantoténico 0.77mg Riboflavinas 0.15mg Tiamina 0.15mg Zinc 0.85mg,No disponible,"(5,18 €/LITRO)"
Papilla crema de arroz sin azúcares añadidos Hero caja 220 g,https://www.dia.es/bebe/papilla/p/290615,https://www.dia.es/product_images/290615/290615_ISO_0_ES.jpg?imwidth=392,"2,95 €",Grasas 1g de las cuales saturadas 0.2g Hidratos de Carbono 85g de los cuales azúcares 0.5g Fibra alimentaria 1.1g Proteínas 8g Ácido Fólico 70µg Sal 0.03g Calcio 160mg Hierro 7.5mg Niacina 8.5µg Tiamina 0.5mg,No disponible,"(13,41 €/KILO)"
Peque galletas junior Nestlé bolsa 180 g,https://www.dia.es/bebe/papilla/p/186779,https://www.dia.es/product_images/186779/186779_ISO_0_ES.jpg?imwidth=392,"3,59 €",Grasas 13g de las cuales saturadas 8g Hidratos de Carbono 72.2g de los cuales azúcares 17g Fibra alimentaria 4.5g Proteínas 6.7g Sal 0.02g Calcio 260mg Hierro 6mg Niacina 15.5µg Riboflavinas 1.4mg Tiamina 0.9mg,No disponible,"(19,94 €/KILO)"
Leche infantil crecimiento con cereales Puleva brik 1 l,https://www.dia.es/bebe/leche-infantil/p/105590,https://www.dia.es/product_images/105590/105590_ISO_0_ES.jpg?imwidth=392,"1,95 €",Grasas 3.5g de las cuales saturadas 1.4g de las cuales monoinsaturadas 1.7g de las cuales poliinsaturadas 0.4g Hidratos de Carbono 9.3g de los cuales azúcares 4g Fibra alimentaria 0.1g Proteínas 2.4g Ácido Fólico 45µg Sal 0.11g Biotina 3.8µg Calcio 100mg Hierro 1.2mg Potasio 150mg Magnesio 12mg Manganeso 0.18mg Niacina 1.1µg Fósforo 85mg Ácido pantoténico 0.4mg Riboflavinas 0.09mg Tiamina 0.18mg Zinc 0.75mg,No disponible,"(1,95 €/LITRO)"
Leche infantil 1 inicio Nativa lata 800 g,https://www.dia.es/bebe/leche-infantil/p/129742,https://www.dia.es/product_images/129742/129742_ISO_0_ES.jpg?imwidth=392,"11,90 €",Grasas 23.5g de las cuales saturadas 2.1g Hidratos de Carbono 61.5g de los cuales azúcares 61.5g Proteínas 9.5g Ácido Fólico 150µg Biotina 12µg Calcio 309mg Flúor 0.06mg Hierro 2.3mg Potasio 573mg Magnesio 34mg Manganeso 0.12mg Niacina 3.8µg Fósforo 186mg Ácido pantoténico 4mg Riboflavinas 1.1mg Selenio 26mg Tiamina 0.48mg Zinc 3.7mg Cloro 357mg Cobre 0.4mg,No disponible,"(14,88 €/KILO)"
Leche crecimiento con galleta maría +3 años Nestlé brik 1 l,https://www.dia.es/bebe/leche-infantil/p/155416,https://www.dia.es/product_images/155416/155416_ISO_0_ES.jpg?imwidth=392,"2,35 €",Grasas 2.5g de las cuales saturadas 0.2g Hidratos de Carbono 10.4g de los cuales azúcares 6.9g Proteínas 2.5g Ácido Fólico 26.8µg Sal 0.09g Biotina 5.6µg Calcio 105mg Hierro 1.3mg Potasio 105mg Magnesio 16.8mg Niacina 2.4µg Fósforo 62.8mg Ácido pantoténico 0.79mg Riboflavinas 0.23mg Tiamina 0.26mg Zinc 0.77mg Cloro 66mg,No disponible,"(2,35 €/LITRO)"
Leche infantil 2 continuación Nativa lata 800 g,https://www.dia.es/bebe/leche-infantil/p/108337,https://www.dia.es/product_images/108337/108337_ISO_0_ES.jpg?imwidth=392,"11,90 €",Grasas 23.6g de las cuales saturadas 2.3g Hidratos de Carbono 61g de los cuales azúcares 39.2g Proteínas 9.4g Ácido Fólico 140µg Biotina 14µg Calcio 465mg Flúor 0.06mg Hierro 5.7mg Potasio 635mg Magnesio 45mg Manganeso 0.15mg Niacina 4.1µg Fósforo 279mg Ácido pantoténico 3.9mg Riboflavinas 1.1mg Selenio 23mg Tiamina 0.52mg Zinc 3.8mg Cloro 360mg Cobre 0.33mg,No disponible,"(14,88 €/KILO)"
Leche de continuación Nativa brik 1 l,https://www.dia.es/bebe/leche-infantil/p/285022,https://www.dia.es/product_images/285022/285022_ISO_0_ES.jpg?imwidth=392,"2,39 €",Grasas 3.2g de las cuales saturadas 0.3g Hidratos de Carbono 8g de los cuales azúcares 5.4g Proteínas 1.5g Ácido Fólico 20.8µg Biotina 2µg Calcio 74mg Flúor 0.01mg Hierro 0.74mg Potasio 91mg Magnesio 6.78mg Manganeso 0.02mg Niacina 0.57µg Fósforo 46.1mg Ácido pantoténico 0.53mg Riboflavinas 0.12mg Selenio 3.7mg Tiamina 0.08mg Zinc 0.54mg Cloro 58.2mg Cobre 0.06mg,No disponible,"(2,39 €/LITRO)"
Leche infantil 1 inicio premium Nidina lata 800 g,https://www.dia.es/bebe/leche-infantil/p/129743,https://www.dia.es/product_images/129743/129743_ISO_0_ES.jpg?imwidth=392,"14,90 €",Grasas 27.6g de las cuales saturadas 2.5g Hidratos de Carbono 58g de los cuales azúcares 58g Fibra alimentaria 0.2g Proteínas 9.6g Ácido Fólico 150µg Biotina 13µg Calcio 330mg Flúor 0.06mg Hierro 5.2mg Potasio 660mg Magnesio 44mg Manganeso 0.13mg Niacina 4µg Fósforo 185mg Ácido pantoténico 4.2mg Riboflavinas 1.4mg Selenio 27mg Tiamina 0.6mg Zinc 3.7mg Cloro 390mg Cobre 0.4mg,No disponible,"(18,63 €/KILO)"
Leche crecimiento Puleva brik 1 l,https://www.dia.es/bebe/leche-infantil/p/83977,https://www.dia.es/product_images/83977/83977_ISO_0_ES.jpg?imwidth=392,"1,95 €",Grasas 3g de las cuales saturadas 1.5g de las cuales monoinsaturadas 1g de las cuales poliinsaturadas 0.5g Hidratos de Carbono 8g de los cuales azúcares 7.5g Proteínas 1.3g Ácido Fólico 9.5µg Biotina 2.2µg Calcio 55.6mg Hierro 0.6mg Potasio 70.1mg Magnesio 7.39mg Manganeso 8.8mg Niacina 0.53µg Fósforo 36.8mg Ácido pantoténico 0.47mg Riboflavinas 0.2mg Selenio 2.1mg Tiamina 0.07mg Zinc 0.37mg Cloro 50mg Cobre 0.05mg,No disponible,"(1,95 €/LITRO)"
Leche multifrutas Puleva brik 3 x 200 ml,https://www.dia.es/bebe/leche-infantil/p/129428,https://www.dia.es/product_images/129428/129428_ISO_0_ES.jpg?imwidth=392,"1,95 €",Grasas 3.5g de las cuales saturadas 1.4g de las cuales monoinsaturadas 1.7g de las cuales poliinsaturadas 0.4g Hidratos de Carbono 12g de los cuales azúcares 6.8g Fibra alimentaria 0.2g Proteínas 2.3g Ácido Fólico 45µg Sal 0.11g Biotina 3.8µg Calcio 100mg Hierro 1.2mg Potasio 150mg Magnesio 12mg Manganeso 0.18mg Niacina 1.1µg Fósforo 85mg Ácido pantoténico 0.4mg Riboflavinas 0.09mg Almidón 3.3g Tiamina 0.18mg Zinc 0.75mg,No disponible,"(3,25 €/LITRO)"
Leche infantil 2 classic Hero Baby Nutrasense bote 800 g,https://www.dia.es/bebe/leche-infantil/p/301827,https://www.dia.es/product_images/301827/301827_ISO_0_ES.jpg?imwidth=392,"11,95 €",Grasas 3.4g de las cuales saturadas 1g Hidratos de Carbono 8.5g de los cuales azúcares 8.5g Proteínas 1.4g Ácido Fólico 13.3µg Biotina 2.2µg Calcio 60.1mg Hierro 1mg Potasio 84mg Magnesio 7.7mg Niacina 0.43µg Fósforo 36mg Ácido pantoténico 0.41mg Riboflavinas 0.13mg Selenio 2.5mg Tiamina 0.07mg Zinc 0.43mg Cloro 49mg Cobre 0.05mg,No disponible,"(14,94 €/KILO)"
Leche peques3 crecimiento con omega Puleva brik 1 l,https://www.dia.es/bebe/leche-infantil/p/78262,https://www.dia.es/product_images/78262/78262_ISO_0_ES.jpg?imwidth=392,"1,95 €",Grasas 3.1g de las cuales saturadas 1.2g de las cuales monoinsaturadas 1.6g de las cuales poliinsaturadas 0.3g Hidratos de Carbono 5.7g de los cuales azúcares 2.6g Proteínas 1.7g Ácido Fólico 45µg Sal 0.11g Biotina 3.8µg Calcio 90mg Hierro 1.2mg Potasio 150mg Magnesio 11mg Manganeso 0.18mg Niacina 1.1µg Fósforo 65mg Ácido pantoténico 0.4mg Riboflavinas 0.09mg Tiamina 0.18mg Zinc 0.75mg,No disponible,"(1,95 €/LITRO)"
Leche infantil crecimiento con galleta maria Nativa brik 1 l,https://www.dia.es/bebe/leche-infantil/p/182329,https://www.dia.es/product_images/182329/182329_ISO_0_ES.jpg?imwidth=392,"2,39 €",Grasas 3.4g de las cuales saturadas 0.5g Hidratos de Carbono 8.8g de los cuales azúcares 6.6g Proteínas 2.1g Ácido Fólico 21.6µg Sal 0.06g Biotina 4µg Calcio 94mg Hierro 1.2mg Niacina 2µg Ácido pantoténico 0.62mg Riboflavinas 0.18mg Selenio 2.3mg Tiamina 0.13mg Zinc 0.75mg,No disponible,"(2,39 €/LITRO)"
Leche infantil 2 continuación Nidina lata 800 g,https://www.dia.es/bebe/leche-infantil/p/107434,https://www.dia.es/product_images/107434/107434_ISO_0_ES.jpg?imwidth=392,"17,90 €",Grasas 24.2g de las cuales saturadas 2.5g Hidratos de Carbono 62.1g de los cuales azúcares 62.1g Proteínas 8.5g Ácido Fólico 140µg Biotina 13µg Calcio 490mg Flúor 0.06mg Hierro 6.6mg Potasio 660mg Magnesio 33mg Manganeso 0.18mg Niacina 4µg Fósforo 300mg Ácido pantoténico 3.2mg Riboflavinas 1.1mg Selenio 25mg Tiamina 0.5mg Zinc 3.6mg Cloro 360mg Cobre 0.4mg,No disponible,"(22,38 €/KILO)"
Leche crecimiento con cereales +12 meses Nativa brik 1 l,https://www.dia.es/bebe/leche-infantil/p/40297,https://www.dia.es/product_images/40297/40297_ISO_0_ES.jpg?imwidth=392,"2,39 €",Grasas 2.9g de las cuales saturadas 0.5g Hidratos de Carbono 9.4g de los cuales azúcares 6.6g Proteínas 2.1g Ácido Fólico 21.7µg Sal 0.05g Biotina 4µg Calcio 91mg Hierro 1.2mg Niacina 2µg Ácido pantoténico 0.63mg Riboflavinas 0.18mg Selenio 2.3mg Tiamina 0.13mg Zinc 0.74mg,No disponible,"(2,39 €/LITRO)"
Bebida con cereales y cacao pack Puleva brik 3 x 200 ml,https://www.dia.es/bebe/leche-infantil/p/130227,https://www.dia.es/product_images/130227/130227_ISO_0_ES.jpg?imwidth=392,"1,95 €",Grasas 3.5g de las cuales saturadas 1.4g de las cuales monoinsaturadas 1.7g de las cuales poliinsaturadas 0.4g Hidratos de Carbono 12g de los cuales azúcares 6.8g Fibra alimentaria 0.3g Proteínas 2.4g Ácido Fólico 45µg Sal 0.11g Biotina 3.8µg Calcio 100mg Hierro 1.2mg Potasio 150mg Magnesio 12mg Manganeso 0.18mg Niacina 1.1µg Fósforo 85mg Ácido pantoténico 0.4mg Riboflavinas 0.09mg Almidón 3.3g Tiamina 0.18mg Zinc 0.75mg,No disponible,"(3,25 €/LITRO)"
Leche crecimiento original +12 meses Nativa brik 1 l,https://www.dia.es/bebe/leche-infantil/p/1479,https://www.dia.es/product_images/1479/1479_ISO_0_ES.jpg?imwidth=392,"2,39 €",Grasas 2.9g de las cuales saturadas 0.7g Hidratos de Carbono 6.8g de los cuales azúcares 6.5g Proteínas 1.9g Ácido Fólico 21.2µg Sal 0.07g Biotina 4.1µg Calcio 88mg Hierro 1.2mg Potasio 92mg Magnesio 6.8mg Niacina 1.9µg Fósforo 53.6mg Ácido pantoténico 0.65mg Riboflavinas 0.21mg Selenio 2.4mg Tiamina 0.12mg Zinc 0.77mg Cloro 56.7mg,No disponible,"(2,39 €/LITRO)"
Leche infantil crecimiento con cereales Nestlé brik 1 l,https://www.dia.es/bebe/leche-infantil/p/265764,https://www.dia.es/product_images/265764/265764_ISO_0_ES.jpg?imwidth=392,"2,35 €",Grasas 3.2g de las cuales saturadas 0.3g Hidratos de Carbono 9.1g de los cuales azúcares 6g Proteínas 2.3g Ácido Fólico 26.1µg Sal 0.07g Biotina 5.7µg Calcio 109mg Hierro 1.5mg Potasio 99mg Magnesio 8.34mg Niacina 2.6µg Fósforo 59.4mg Ácido pantoténico 0.81mg Riboflavinas 0.26mg Tiamina 0.27mg Zinc 0.78mg Cloro 62.5mg,No disponible,"(2,35 €/LITRO)"
Leche infantil 1 classic Hero Baby Nutrasense bote 800 g,https://www.dia.es/bebe/leche-infantil/p/301826,https://www.dia.es/product_images/301826/301826_ISO_0_ES.jpg?imwidth=392,"11,95 €",Grasas 3.1g de las cuales saturadas 1g Hidratos de Carbono 7.9g de los cuales azúcares 7.9g Proteínas 1.3g Ácido Fólico 14.4µg Biotina 2.1µg Calcio 45.5mg Hierro 0.46mg Potasio 61.1mg Magnesio 7.5mg Niacina 0.4µg Fósforo 28.6mg Ácido pantoténico 0.38mg Riboflavinas 0.12mg Selenio 2.3mg Tiamina 0.06mg Zinc 0.4mg Cloro 45.5mg Cobre 0.05mg,No disponible,"(14,94 €/KILO)"
Leche infantil 1 inicio Hero Baby Nutrasense premium bote 800 g,https://www.dia.es/bebe/leche-infantil/p/293652,https://www.dia.es/product_images/293652/293652_ISO_0_ES.jpg?imwidth=392,"16,95 €",Grasas 3.5g de las cuales saturadas 1.3g Hidratos de Carbono 7.2g de los cuales azúcares 7g Fibra alimentaria 0.29g Proteínas 1.3g Ácido Fólico 12µg Biotina 1.2µg Calcio 44mg Hierro 0.4mg Potasio 65mg Magnesio 4mg Niacina 0.51µg Fósforo 26mg Ácido pantoténico 0.33mg Selenio 2.6mg Zinc 0.4mg Cloro 48mg,No disponible,"(21,19 €/KILO)"
Leche infantil 3 crecimiento Nidina lata 800 g,https://www.dia.es/bebe/leche-infantil/p/107406,https://www.dia.es/product_images/107406/107406_ISO_0_ES.jpg?imwidth=392,"17,90 €",Grasas 21.5g de las cuales saturadas 4.5g Hidratos de Carbono 65.2g de los cuales azúcares 47.7g Proteínas 7.3g Sal 0.24g Biotina 35µg Calcio 916mg Hierro 8.7mg Riboflavinas 1.8mg Tiamina 0.6mg Zinc 5.4mg,No disponible,"(22,38 €/KILO)"
Menestra con jamón y ternera Hero frasco 235 g,https://www.dia.es/bebe/potitos-y-tarritos/p/1931,https://www.dia.es/product_images/1931/1931_ISO_0_ES.jpg?imwidth=392,"1,69 €",Grasas 2.5g de las cuales saturadas 0.5g Hidratos de Carbono 8.7g de los cuales azúcares 1.1g Fibra alimentaria 1.3g Proteínas 2.6g Sal 0.04g,No disponible,"(7,19 €/KILO)"
Puré de frutas con galleta Planeta Bebé de Dia pack 2 x 200 g,https://www.dia.es/bebe/potitos-y-tarritos/p/162334,https://www.dia.es/product_images/162334/162334_ISO_0_ES.jpg?imwidth=392,"2,12 €",Grasas 0.6g de las cuales saturadas 0g Hidratos de Carbono 15g de los cuales azúcares 12g Proteínas 0.9g Sal 0.03g,No disponible,"(5,30 €/KILO)"
Verduritas con delicias de pavo Hero frasco 235 g,https://www.dia.es/bebe/potitos-y-tarritos/p/130098,https://www.dia.es/product_images/130098/130098_ISO_0_ES.jpg?imwidth=392,"1,69 €",Grasas 2.5g de las cuales saturadas 0.4g Hidratos de Carbono 8.4g de los cuales azúcares 1.1g Fibra alimentaria 1.9g Proteínas 2.7g Sal 0.04g,No disponible,"(7,19 €/KILO)"
Arroz con pollo Hero frasco 235 g,https://www.dia.es/bebe/potitos-y-tarritos/p/1932,https://www.dia.es/product_images/1932/1932_ISO_0_ES.jpg?imwidth=392,"1,69 €",Grasas 2.5g de las cuales saturadas 0.4g Hidratos de Carbono 9.5g de los cuales azúcares 0.9g Fibra alimentaria 1g Proteínas 2.7g Sal 0.04g,No disponible,"(7,19 €/KILO)"
Puré de frutas variadas Hero frasco 190 g,https://www.dia.es/bebe/potitos-y-tarritos/p/296343,https://www.dia.es/product_images/296343/296343_ISO_0_ES.jpg?imwidth=392,"1,29 €",Grasas 0.3g de las cuales saturadas 0.02g Hidratos de Carbono 13g de los cuales azúcares 11g Fibra alimentaria 1.5g Proteínas 0.8g Sal 0.03g,No disponible,"(6,79 €/KILO)"
Verduritas con pollo y ternera Hero frasco 235 g,https://www.dia.es/bebe/potitos-y-tarritos/p/1024,https://www.dia.es/product_images/1024/1024_ISO_0_ES.jpg?imwidth=392,"1,69 €",Grasas 2.5g de las cuales saturadas 0.4g Hidratos de Carbono 7.8g de los cuales azúcares 1.7g Fibra alimentaria 2.2g Proteínas 2.7g Sal 0.04g,No disponible,"(7,19 €/KILO)"
Puré de frutas variadas Planeta Bebé de Dia pack 2 x 200 g,https://www.dia.es/bebe/potitos-y-tarritos/p/151111,https://www.dia.es/product_images/151111/151111_ISO_0_ES.jpg?imwidth=392,"2,12 €",Grasas 0g de las cuales saturadas 0g Hidratos de Carbono 12g de los cuales azúcares 10g Proteínas 0.5g Sal 0.03g,No disponible,"(5,30 €/KILO)"
Puré verduritas con pollo Hero frasco 380 g,https://www.dia.es/bebe/potitos-y-tarritos/p/74399,https://www.dia.es/product_images/74399/74399_ISO_0_ES.jpg?imwidth=392,"2,99 €",Grasas 2.4g de las cuales saturadas 0.6g Hidratos de Carbono 8.6g de los cuales azúcares 2.1g Fibra alimentaria 1.6g Proteínas 2.7g Sal 0.07g,No disponible,"(7,87 €/KILO)"
Verduritas con merluza Hero frasco 235 g,https://www.dia.es/bebe/potitos-y-tarritos/p/39480,https://www.dia.es/product_images/39480/39480_ISO_0_ES.jpg?imwidth=392,"1,69 €",Grasas 2.3g de las cuales saturadas 0.3g Hidratos de Carbono 8.5g de los cuales azúcares 2.6g Fibra alimentaria 1.8g Proteínas 3g Sal 0.08g,No disponible,"(7,19 €/KILO)"
Crema de bechamel con lenguado Hero frasco 235 g,https://www.dia.es/bebe/potitos-y-tarritos/p/1027,https://www.dia.es/product_images/1027/1027_ISO_0_ES.jpg?imwidth=392,"1,69 €",Grasas 2.5g de las cuales saturadas 1.6g Hidratos de Carbono 9.2g de los cuales azúcares 2.3g Fibra alimentaria 0.9g Proteínas 3g Sal 0.08g,No disponible,"(7,19 €/KILO)"
Preparado de 7 frutas sin gluten Nestlé pack 4 x 100 g,https://www.dia.es/bebe/potitos-y-tarritos/p/149704,https://www.dia.es/product_images/149704/149704_ISO_0_ES.jpg?imwidth=392,"2,85 €",Grasas 0.2g de las cuales saturadas 0.1g Hidratos de Carbono 13.4g de los cuales azúcares 11.6g Fibra alimentaria 1.9g Proteínas 0.5g Sal 0.02g,No disponible,"(7,13 €/KILO)"
Preparado de manzana y plátano Nestlé pack 4 x 100 g,https://www.dia.es/bebe/potitos-y-tarritos/p/37405,https://www.dia.es/product_images/37405/37405_ISO_0_ES.jpg?imwidth=392,"2,85 €",Grasas 0.1g de las cuales saturadas 0.01g Hidratos de Carbono 14.1g de los cuales azúcares 12.1g Fibra alimentaria 1.4g Proteínas 0.5g Sal 0.03g,No disponible,"(7,13 €/KILO)"
Puré de arroz blanco con pollo Nestlé frasco 190 g,https://www.dia.es/bebe/potitos-y-tarritos/p/298220,https://www.dia.es/product_images/298220/298220_ISO_0_ES.jpg?imwidth=392,"1,89 €",Grasas 2.1g de las cuales saturadas 0.4g Hidratos de Carbono 9.1g de los cuales azúcares 2.1g Fibra alimentaria 1.2g Proteínas 2.3g Sal 0.03g,No disponible,"(9,95 €/KILO)"
Puré guisantes con jamón Hero frasco 380 g,https://www.dia.es/bebe/potitos-y-tarritos/p/64804,https://www.dia.es/product_images/64804/64804_ISO_0_ES.jpg?imwidth=392,"2,99 €",Grasas 2.3g de las cuales saturadas 0.7g Hidratos de Carbono 8.4g de los cuales azúcares 1.7g Fibra alimentaria 1.2g Proteínas 3.6g Sal 0.07g,No disponible,"(7,87 €/KILO)"
Puré de pera y manzana 100% ecológica Hero frasco 120 g,https://www.dia.es/bebe/potitos-y-tarritos/p/221601,https://www.dia.es/product_images/221601/221601_ISO_0_ES.jpg?imwidth=392,"1,50 €",Grasas 0.1g de las cuales saturadas 0g Hidratos de Carbono 10g de los cuales azúcares 9.5g Fibra alimentaria 1.4g Proteínas 0.3g Sal 0.02g,No disponible,"(12,50 €/KILO)"
Puré de hortalizas y ternera Nestlé frasco 190 g,https://www.dia.es/bebe/potitos-y-tarritos/p/268320,https://www.dia.es/product_images/268320/268320_ISO_0_ES.jpg?imwidth=392,"1,89 €",Grasas 2.1g de las cuales saturadas 0.5g Hidratos de Carbono 5.4g de los cuales azúcares 2.7g Fibra alimentaria 1.7g Proteínas 2.3g Sal 0.08g,No disponible,"(9,95 €/KILO)"
Verduras y pavo Smileat frasco 230 g,https://www.dia.es/bebe/potitos-y-tarritos/p/289578,https://www.dia.es/product_images/289578/289578_ISO_0_ES.jpg?imwidth=392,"2,59 €",Grasas 2.6g de las cuales saturadas 0.64g Hidratos de Carbono 4.2g de los cuales azúcares 1.9g Proteínas 3.4g Sal 0.06g,No disponible,"(11,26 €/KILO)"
Puré de guisantes con patata y pollo Gerber frasco 190 g,https://www.dia.es/bebe/potitos-y-tarritos/p/286896,https://www.dia.es/product_images/286896/286896_ISO_0_ES.jpg?imwidth=392,"2,69 €",Grasas 1.8g de las cuales saturadas 0.3g Hidratos de Carbono 6.9g de los cuales azúcares 1.3g Fibra alimentaria 1.9g Proteínas 3.2g Sal 0.03g,No disponible,"(1,42 €/100 GR.)"
"Puré de manzana, plátano y yogur 100% ecológica Hero Baby frasco 120 g",https://www.dia.es/bebe/potitos-y-tarritos/p/252514,https://www.dia.es/product_images/252514/252514_ISO_0_ES.jpg?imwidth=392,"1,50 €",Grasas 0.6g de las cuales saturadas 0.4g Hidratos de Carbono 13g de los cuales azúcares 12g Fibra alimentaria 1.2g Proteínas 1.3g Sal 0.05g,No disponible,"(12,50 €/KILO)"
Verduras con merluza Smileat frasco 230 g,https://www.dia.es/bebe/potitos-y-tarritos/p/230569,https://www.dia.es/product_images/230569/230569_ISO_0_ES.jpg?imwidth=392,"2,59 €",Grasas 3.4g de las cuales saturadas 0.54g Hidratos de Carbono 6g de los cuales azúcares 1.4g Proteínas 2.4g Sal 0.17g,No disponible,"(11,26 €/KILO)"
Puré de arroz con tomate y pavo Nestlé frasco 190 g,https://www.dia.es/bebe/potitos-y-tarritos/p/296377,https://www.dia.es/product_images/296377/296377_ISO_0_ES.jpg?imwidth=392,"1,89 €",Grasas 2.2g de las cuales saturadas 0.3g Hidratos de Carbono 6.4g de los cuales azúcares 2.4g Fibra alimentaria 1.6g Proteínas 2.2g Sal 0.06g,No disponible,"(9,95 €/KILO)"
Puré de verduras con pescado Nestlé frasco 190 g,https://www.dia.es/bebe/potitos-y-tarritos/p/293024,https://www.dia.es/product_images/293024/293024_ISO_0_ES.jpg?imwidth=392,"1,89 €",Grasas 1.9g de las cuales saturadas 0.1g Hidratos de Carbono 5.2g de los cuales azúcares 0.7g Fibra alimentaria 1.2g Proteínas 2.9g Sal 0.05g,No disponible,"(9,95 €/KILO)"
"Puré de pera, manzana y plátano Gerber bolsa 360 g",https://www.dia.es/bebe/potitos-y-tarritos/p/287002,https://www.dia.es/product_images/287002/287002_ISO_0_ES.jpg?imwidth=392,"5,49 €",Grasas 0.1g de las cuales saturadas 0.1g Hidratos de Carbono 14g de los cuales azúcares 13g Fibra alimentaria 2g Proteínas 0.6g Sal 0g,No disponible,"(15,25 €/KILO)"
Puré de hortalizas con ternera Gerber frasco 190 g,https://www.dia.es/bebe/potitos-y-tarritos/p/286897,https://www.dia.es/product_images/286897/286897_ISO_0_ES.jpg?imwidth=392,"2,69 €",Grasas 1.3g de las cuales saturadas 0.3g Hidratos de Carbono 5.9g de los cuales azúcares 1.5g Fibra alimentaria 1.3g Proteínas 2.3g Sal 0.05g,No disponible,"(14,16 €/KILO)"
Puré de pera y plátano Gerber frasco 125 g,https://www.dia.es/bebe/potitos-y-tarritos/p/286895,https://www.dia.es/product_images/286895/286895_ISO_0_ES.jpg?imwidth=392,"1,89 €",Grasas 0.1g de las cuales saturadas 0g Hidratos de Carbono 14.1g de los cuales azúcares 12g Fibra alimentaria 2.4g Proteínas 2.4g Sal 0.01g,No disponible,"(15,12 €/KILO)"
"Puré de manzana, albaricoque y melocotón Gerber frasco 125 g",https://www.dia.es/bebe/potitos-y-tarritos/p/286893,https://www.dia.es/product_images/286893/286893_ISO_0_ES.jpg?imwidth=392,"1,89 €",Grasas 0.1g de las cuales saturadas 0g Hidratos de Carbono 11g de los cuales azúcares 9.8g Fibra alimentaria 1.6g Proteínas 0.4g Sal 0g,No disponible,"(15,12 €/KILO)"
Puré de verduritas con pavo Nestlé frasco 190 g,https://www.dia.es/bebe/potitos-y-tarritos/p/268318,https://www.dia.es/product_images/268318/268318_ISO_0_ES.jpg?imwidth=392,"1,89 €",Grasas 2.4g de las cuales saturadas 0.4g Hidratos de Carbono 6g de los cuales azúcares 1.2g Fibra alimentaria 1.3g Proteínas 2.6g Sal 0.03g,No disponible,"(9,95 €/KILO)"
Crema de calabaza y puré de patatas 100% ecológica Hero frasco 190 g,https://www.dia.es/bebe/potitos-y-tarritos/p/234337,https://www.dia.es/product_images/234337/234337_ISO_0_ES.jpg?imwidth=392,"2,49 €",Grasas 2.4g de las cuales saturadas 0.3g Hidratos de Carbono 7.1g de los cuales azúcares 1.8g Fibra alimentaria 2.2g Proteínas 1.9g Sal 0.03g,No disponible,"(13,11 €/KILO)"
Puré de verduras con lentejas y pollo bio Hero frasco 190 g,https://www.dia.es/bebe/potitos-y-tarritos/p/234332,https://www.dia.es/product_images/234332/234332_ISO_0_ES.jpg?imwidth=392,"2,49 €",Grasas 3.5g de las cuales saturadas 0.5g Hidratos de Carbono 10.3g de los cuales azúcares 1.8g Fibra alimentaria 1.5g Proteínas 2.8g Sal 0.04g,No disponible,"(13,11 €/KILO)"
"Puré de pera, plátano y zanahoria 100% ecológica Hero frasco 120 g",https://www.dia.es/bebe/potitos-y-tarritos/p/221599,https://www.dia.es/product_images/221599/221599_ISO_0_ES.jpg?imwidth=392,"1,50 €",Grasas 0.2g de las cuales saturadas 0g Hidratos de Carbono 11g de los cuales azúcares 10.5g Fibra alimentaria 1.4g Proteínas 0.6g Sal 0.03g,No disponible,"(12,50 €/KILO)"
Puré de fruta variada Planeta Bebé de Dia bolsa 100 g,https://www.dia.es/bebe/yogures-bolsitas-de-frutas-y-snacks/p/293480,https://www.dia.es/product_images/293480/293480_ISO_0_ES.jpg?imwidth=392,"0,90 €",No disponible,No disponible,"(9,00 €/KILO)"
Puré de fresa y plátano Planeta Bebé de Dia bolsa 100 g,https://www.dia.es/bebe/yogures-bolsitas-de-frutas-y-snacks/p/293479,https://www.dia.es/product_images/293479/293479_ISO_0_ES.jpg?imwidth=392,"0,90 €",No disponible,No disponible,"(9,00 €/KILO)"
Yogur con fresa y plátano Planeta Bebé de Dia bolsa 100 g,https://www.dia.es/bebe/yogures-bolsitas-de-frutas-y-snacks/p/293481,https://www.dia.es/product_images/293481/293481_ISO_0_ES.jpg?imwidth=392,"0,90 €",No disponible,No disponible,"(9,00 €/KILO)"
Puré de plátano y fresa cool fruits Nestlé bolsa 110 g,https://www.dia.es/bebe/yogures-bolsitas-de-frutas-y-snacks/p/274109,https://www.dia.es/product_images/274109/274109_ISO_0_ES.jpg?imwidth=392,"1,00 €",Grasas 0.5g de las cuales saturadas 0.1g Hidratos de Carbono 12.5g de los cuales azúcares 12g Fibra alimentaria 1.3g Proteínas 0.5g Sal 0.01g,No disponible,"(9,09 €/KILO)"
Puré de 4 frutas happy fruits Nestlé bolsa 110 g,https://www.dia.es/bebe/yogures-bolsitas-de-frutas-y-snacks/p/274107,https://www.dia.es/product_images/274107/274107_ISO_0_ES.jpg?imwidth=392,"1,00 €",Grasas 0.2g de las cuales saturadas 0.1g Hidratos de Carbono 15.5g de los cuales azúcares 13.5g Fibra alimentaria 2g Proteínas 0.08g Sal 0.01g,No disponible,"(9,09 €/KILO)"
Puré multifrutas crazy fruits Nestlé bolsa 110 g,https://www.dia.es/bebe/yogures-bolsitas-de-frutas-y-snacks/p/291008,https://www.dia.es/product_images/291008/291008_ISO_0_ES.jpg?imwidth=392,"1,00 €",Grasas 0.2g de las cuales saturadas 0.1g Hidratos de Carbono 16g de los cuales azúcares 13.5g Fibra alimentaria 2g Proteínas 0.8g Sal 0.01g,No disponible,"(9,09 €/KILO)"
Leche fermentada con puré de plátano Nestlé Yogolino bolsa 100 g,https://www.dia.es/bebe/yogures-bolsitas-de-frutas-y-snacks/p/208913,https://www.dia.es/product_images/208913/208913_ISO_0_ES.jpg?imwidth=392,"1,00 €",Grasas 2.3g de las cuales saturadas 1.5g Hidratos de Carbono 12g de los cuales azúcares 7.3g Fibra alimentaria 0.8g Proteínas 2.6g Sal 0.06g Calcio 80mg,No disponible,"(10,00 €/KILO)"
"Puré de plátano, fresa y manzana Hero bolsa 4 x 100 g",https://www.dia.es/bebe/yogures-bolsitas-de-frutas-y-snacks/p/285677,https://www.dia.es/product_images/285677/285677_ISO_0_ES.jpg?imwidth=392,"4,75 €",Grasas 0.3g de las cuales saturadas 0g Hidratos de Carbono 13.8g de los cuales azúcares 12.9g Proteínas 0.8g Sal 0.03g,No disponible,"(11,88 €/KILO)"
Puré manzana y plátano Nestlé bolsa 90 g,https://www.dia.es/bebe/yogures-bolsitas-de-frutas-y-snacks/p/196824,https://www.dia.es/product_images/196824/196824_ISO_0_ES.jpg?imwidth=392,"1,00 €",Grasas 0.2g de las cuales saturadas 0g Hidratos de Carbono 16.8g de los cuales azúcares 15.3g Fibra alimentaria 2g Proteínas 0.7g Sal 0.01g,No disponible,"(11,11 €/KILO)"
Puré multifrutas con galleta Hero bolsa 100 g,https://www.dia.es/bebe/yogures-bolsitas-de-frutas-y-snacks/p/218991,https://www.dia.es/product_images/218991/218991_ISO_0_ES.jpg?imwidth=392,"0,99 €",Grasas 0.4g de las cuales saturadas 0g Hidratos de Carbono 13.1g de los cuales azúcares 12.6g Fibra alimentaria 1.3g Proteínas 1.4g Sal 0.02g,No disponible,"(9,90 €/KILO)"
Snack smilitos Smileat bolsa 38 g,https://www.dia.es/bebe/yogures-bolsitas-de-frutas-y-snacks/p/255353,https://www.dia.es/product_images/255353/255353_ISO_0_ES.jpg?imwidth=392,"1,65 €",Grasas 15.2g de las cuales saturadas 2.4g Hidratos de Carbono 51.2g de los cuales azúcares 1.6g Fibra alimentaria 2.1g Proteínas 6.3g Sal 0g,No disponible,"(43,42 €/KILO)"
Postre lácteo de plátano Nestlé Yogolino pack 4 x 100 g,https://www.dia.es/bebe/yogures-bolsitas-de-frutas-y-snacks/p/50238,https://www.dia.es/product_images/50238/50238_ISO_0_ES.jpg?imwidth=392,"2,99 €",Grasas 2.7g de las cuales saturadas 1.6g Hidratos de Carbono 11.5g de los cuales azúcares 8g Fibra alimentaria 0.5g Proteínas 3g Sal 0.08g Calcio 95mg,No disponible,"(7,48 €/KILO)"
Natillas con galleta Nestlé Yogolino pack 4 x 100 g,https://www.dia.es/bebe/yogures-bolsitas-de-frutas-y-snacks/p/274111,https://www.dia.es/product_images/274111/274111_ISO_0_ES.jpg?imwidth=392,"3,59 €",Grasas 3.2g de las cuales saturadas 2g Hidratos de Carbono 12.7g de los cuales azúcares 8.6g Fibra alimentaria 0.5g Proteínas 3.7g Sal 0.08g Calcio 100mg,No disponible,"(8,98 €/KILO)"
Postre lacteo fresa Nestlé Yogolino pack 4 x 100 g,https://www.dia.es/bebe/yogures-bolsitas-de-frutas-y-snacks/p/83548,https://www.dia.es/product_images/83548/83548_ISO_0_ES.jpg?imwidth=392,"2,99 €",Grasas 2.6g de las cuales saturadas 1.7g Hidratos de Carbono 11.8g de los cuales azúcares 7.7g Fibra alimentaria 0.5g Proteínas 3g Sal 0.08g Calcio 91mg,No disponible,"(7,48 €/KILO)"
Postre lácteo natural Nestlé Yogolino pack 4 x 100 g,https://www.dia.es/bebe/yogures-bolsitas-de-frutas-y-snacks/p/159174,https://www.dia.es/product_images/159174/159174_ISO_0_ES.jpg?imwidth=392,"2,99 €",Grasas 2.7g de las cuales saturadas 1.7g Hidratos de Carbono 10.5g de los cuales azúcares 6.5g Fibra alimentaria 0.5g Proteínas 2.9g Sal 0.09g Calcio 92mg,No disponible,"(7,48 €/KILO)"
Snacks de zanahoria y maíz Hero bolsa 40 g,https://www.dia.es/bebe/yogures-bolsitas-de-frutas-y-snacks/p/269527,https://www.dia.es/product_images/269527/269527_ISO_0_ES.jpg?imwidth=392,"2,49 €",Grasas 7.8g de las cuales saturadas 0.7g Hidratos de Carbono 74g de los cuales azúcares 6.9g Fibra alimentaria 4.9g Proteínas 7.6g Sal 0.13g Tiamina 0.45mg,No disponible,"(62,25 €/KILO)"
Puré de fruta mediterráneo Hero bolsa 100 g,https://www.dia.es/bebe/yogures-bolsitas-de-frutas-y-snacks/p/186795,https://www.dia.es/product_images/186795/186795_ISO_0_ES.jpg?imwidth=392,"1,19 €",Grasas 0.2g de las cuales saturadas 0g Hidratos de Carbono 11.7g de los cuales azúcares 11.3g Proteínas 0.7g Sal 0.1g,No disponible,"(11,90 €/KILO)"
"Puré de naranja, plátano, pera y galleta Hero bolsa 4 x 100 g",https://www.dia.es/bebe/yogures-bolsitas-de-frutas-y-snacks/p/285678,https://www.dia.es/product_images/285678/285678_ISO_0_ES.jpg?imwidth=392,"4,75 €",Grasas 0.3g de las cuales saturadas 0g Hidratos de Carbono 13.8g de los cuales azúcares 13.3g Fibra alimentaria 1.6g Proteínas 1.3g Sal 0.01g,No disponible,"(11,88 €/KILO)"
"Puré de pera, plátano y naranja 100% ecológica Hero bolsa 100 g",https://www.dia.es/bebe/yogures-bolsitas-de-frutas-y-snacks/p/234340,https://www.dia.es/product_images/234340/234340_ISO_0_ES.jpg?imwidth=392,"1,59 €",Grasas 0.3g de las cuales saturadas 0g Hidratos de Carbono 17g de los cuales azúcares 14g Fibra alimentaria 2.5g Proteínas 0.9g Sal 0.02g,No disponible,"(15,90 €/KILO)"
"Puré de plátano, fresa y manzana Hero bolsa 100 g",https://www.dia.es/bebe/yogures-bolsitas-de-frutas-y-snacks/p/155755,https://www.dia.es/product_images/155755/155755_ISO_0_ES.jpg?imwidth=392,"1,19 €",Grasas 0.3g de las cuales saturadas 0g Hidratos de Carbono 13.8g de los cuales azúcares 12.9g Fibra alimentaria 1.5g Proteínas 0.9g Sal 0.02g,No disponible,"(11,90 €/KILO)"
"Puré de plátano,naranja y galleta Nestlé bolsa 4 x 90 g",https://www.dia.es/bebe/yogures-bolsitas-de-frutas-y-snacks/p/282954,https://www.dia.es/product_images/282954/282954_ISO_0_ES.jpg?imwidth=392,"4,59 €",Grasas 0.3g de las cuales saturadas 0.01g Hidratos de Carbono 18g de los cuales azúcares 12.3g Fibra alimentaria 1g Proteínas 1g Sal 0.01g,No disponible,"(12,75 €/KILO)"
Leche fermentada natural Nestlé Yogolino bolsa 100 g,https://www.dia.es/bebe/yogures-bolsitas-de-frutas-y-snacks/p/282337,https://www.dia.es/product_images/282337/282337_ISO_0_ES.jpg?imwidth=392,"1,00 €",Grasas 3g de las cuales saturadas 2.2g Hidratos de Carbono 7.7g de los cuales azúcares 2.9g Fibra alimentaria 0.5g Proteínas 3g Sal 0.09g Calcio 90mg,No disponible,"(10,00 €/KILO)"
Fresa plátano Smileat bolsa 100 g,https://www.dia.es/bebe/yogures-bolsitas-de-frutas-y-snacks/p/247782,https://www.dia.es/product_images/247782/247782_ISO_0_ES.jpg?imwidth=392,"1,75 €",Grasas 0g de las cuales saturadas 0g Hidratos de Carbono 16g de los cuales azúcares 14g Fibra alimentaria 1.6g Proteínas 0.9g Sal 0g,No disponible,"(17,50 €/KILO)"
"Puré de frutas de manzana, plátano y fresa Nestlé Naturnes bolsa 90 g",https://www.dia.es/bebe/yogures-bolsitas-de-frutas-y-snacks/p/238435,https://www.dia.es/product_images/238435/238435_ISO_0_ES.jpg?imwidth=392,"1,25 €",Grasas 0.1g de las cuales saturadas 0g Hidratos de Carbono 12.6g de los cuales azúcares 11.6g Fibra alimentaria 1.3g Proteínas 0.5g Sal 0.03g,No disponible,"(13,89 €/KILO)"
Puré multifrutas Nestlé bolsa 90 g,https://www.dia.es/bebe/yogures-bolsitas-de-frutas-y-snacks/p/230656,https://www.dia.es/product_images/230656/230656_ISO_0_ES.jpg?imwidth=392,"1,00 €",Grasas 0.2g de las cuales saturadas 0g Hidratos de Carbono 16g de los cuales azúcares 13.5g Fibra alimentaria 1.8g Proteínas 0.7g Sal 0.03g,No disponible,"(11,11 €/KILO)"
Leche fermentada con puré de manzana y fresa Nestlé Yogolino bolsa 100 g,https://www.dia.es/bebe/yogures-bolsitas-de-frutas-y-snacks/p/208914,https://www.dia.es/product_images/208914/208914_ISO_0_ES.jpg?imwidth=392,"1,00 €",Grasas 2.3g de las cuales saturadas 1.4g Hidratos de Carbono 9.6g de los cuales azúcares 5.1g Fibra alimentaria 0.8g Proteínas 2.4g Sal 0.05g Calcio 70mg,No disponible,"(10,00 €/KILO)"
Puré de 4 frutas Nestlé Naturnes bolsa 90 g,https://www.dia.es/bebe/yogures-bolsitas-de-frutas-y-snacks/p/183449,https://www.dia.es/product_images/183449/183449_ISO_0_ES.jpg?imwidth=392,"1,00 €",Grasas 0.2g de las cuales saturadas 0.1g Hidratos de Carbono 15.5g de los cuales azúcares 13.5g Fibra alimentaria 2g Proteínas 0.08g Sal 0g,No disponible,"(11,11 €/KILO)"
Yogur con plátano y fresa Hero bolsa 100 g,https://www.dia.es/bebe/yogures-bolsitas-de-frutas-y-snacks/p/174311,https://www.dia.es/product_images/174311/174311_ISO_0_ES.jpg?imwidth=392,"1,19 €",Grasas 1.7g de las cuales saturadas 1.1g Hidratos de Carbono 12.4g de los cuales azúcares 8g Fibra alimentaria 0.9g Proteínas 2.2g Sal 0.06g,No disponible,"(11,90 €/KILO)"
Puré de frutas y galleta Hero bolsa 100 g,https://www.dia.es/bebe/yogures-bolsitas-de-frutas-y-snacks/p/162850,https://www.dia.es/product_images/162850/162850_ISO_0_ES.jpg?imwidth=392,"1,19 €",Grasas 0.3g de las cuales saturadas 0g Hidratos de Carbono 15.1g de los cuales azúcares 10.7g Fibra alimentaria 1.6g Proteínas 1.3g Sal 0.01g,No disponible,"(11,90 €/KILO)"
Toallitas húmedas Planeta Bebé de Dia bolsa 80 unidades,https://www.dia.es/bebe/panales-y-toallitas/p/296947,https://www.dia.es/product_images/296947/296947_ISO_0_ES.jpg?imwidth=392,"1,05 €",No disponible,No disponible,"(0,01 €/UNIDAD)"
Toallitas para cara y manos Planeta Bebé de Dia bolsa 20 unidades,https://www.dia.es/bebe/panales-y-toallitas/p/301822,https://www.dia.es/product_images/301822/301822_ISO_0_ES.jpg?imwidth=392,"0,85 €",No disponible,No disponible,"(0,04 €/UNIDAD)"
Pañales 8-15 kgs talla 4 Planeta Bebé de Dia bolsa 44 unidades,https://www.dia.es/bebe/panales-y-toallitas/p/268404,https://www.dia.es/product_images/268404/268404_ISO_0_ES.jpg?imwidth=392,"7,57 €",No disponible,No disponible,"(0,17 €/UNIDAD)"
Toallitas para bebés con piel atópica Planeta Bebé de Dia bolsa 64 unidades,https://www.dia.es/bebe/panales-y-toallitas/p/296949,https://www.dia.es/product_images/296949/296949_ISO_0_ES.jpg?imwidth=392,"1,81 €",No disponible,No disponible,"(0,03 €/UNIDAD)"
Pañales 4-9 kgs talla 3 Planeta Bebé de Dia bolsa 50 unidades,https://www.dia.es/bebe/panales-y-toallitas/p/268403,https://www.dia.es/product_images/268403/268403_ISO_0_ES.jpg?imwidth=392,"7,90 €",No disponible,No disponible,"(0,16 €/UNIDAD)"
Pañales 13-20 kgs talla 5 Planeta Bebé de Dia bolsa 80 unidades,https://www.dia.es/bebe/panales-y-toallitas/p/268409,https://www.dia.es/product_images/268409/268409_ISO_0_ES.jpg?imwidth=392,"15,20 €",No disponible,No disponible,"(0,19 €/UNIDAD)"
Pañales 13-20 kgs talla 5 Planeta Bebé de Dia bolsa 40 unidades,https://www.dia.es/bebe/panales-y-toallitas/p/268405,https://www.dia.es/product_images/268405/268405_ISO_0_ES.jpg?imwidth=392,"7,70 €",No disponible,No disponible,"(0,19 €/UNIDAD)"
Pañales 3-6 kgs talla 2 Planeta Bebé de Dia bolsa 40 unidades,https://www.dia.es/bebe/panales-y-toallitas/p/268402,https://www.dia.es/product_images/268402/268402_ISO_0_ES.jpg?imwidth=392,"5,99 €",No disponible,No disponible,"(0,15 €/UNIDAD)"
Toallitas aqua Planeta Bebé de Dia bolsa 60 unidades,https://www.dia.es/bebe/panales-y-toallitas/p/296952,https://www.dia.es/product_images/296952/296952_ISO_0_ES.jpg?imwidth=392,"1,80 €",No disponible,No disponible,"(0,03 €/UNIDAD)"
Pañales 17-28 kgs talla 6 Planeta Bebé de Dia bolsa 28 unidades,https://www.dia.es/bebe/panales-y-toallitas/p/268406,https://www.dia.es/product_images/268406/268406_ISO_0_ES.jpg?imwidth=392,"8,02 €",No disponible,No disponible,"(0,29 €/UNIDAD)"
Pañales 8-15 kgs talla 4 Planeta Bebé de Dia bolsa 88 unidades,https://www.dia.es/bebe/panales-y-toallitas/p/268408,https://www.dia.es/product_images/268408/268408_ISO_0_ES.jpg?imwidth=392,"14,65 €",No disponible,No disponible,"(0,17 €/UNIDAD)"
Pañales 2-5 kgs talla 1 Planeta Bebé de Dia bolsa 24 unidades,https://www.dia.es/bebe/panales-y-toallitas/p/268401,https://www.dia.es/product_images/268401/268401_ISO_0_ES.jpg?imwidth=392,"4,05 €",No disponible,No disponible,"(0,17 €/UNIDAD)"
Toallitas para bebés cremosas Planeta Bebé de Dia bolsa 48 unidades,https://www.dia.es/bebe/panales-y-toallitas/p/296946,https://www.dia.es/product_images/296946/296946_ISO_0_ES.jpg?imwidth=392,"1,20 €",No disponible,No disponible,"(0,03 €/UNIDAD)"
Pañales 4-9 kgs talla 3 Planeta Bebé de Dia bolsa 102 unidades,https://www.dia.es/bebe/panales-y-toallitas/p/268407,https://www.dia.es/product_images/268407/268407_ISO_0_ES.jpg?imwidth=392,"15,00 €",No disponible,No disponible,"(0,15 €/UNIDAD)"
Toallitas para bebés extra care sensitive Huggies bolsa 56 unidades,https://www.dia.es/bebe/panales-y-toallitas/p/302829,https://www.dia.es/product_images/302829/302829_ISO_0_ES.jpg?imwidth=392,"2,19 €",No disponible,No disponible,"(0,04 €/UNIDAD)"
Cambiador infantil Planeta Bebé de Dia bolsa 10 unidades,https://www.dia.es/bebe/panales-y-toallitas/p/294439,https://www.dia.es/product_images/294439/294439_ISO_0_ES.jpg?imwidth=392,"4,15 €",No disponible,No disponible,"(0,42 €/UNIDAD)"
Pañales 13-20 kg talla L Planeta Bebé de Dia bolsa 20 unidades,https://www.dia.es/bebe/panales-y-toallitas/p/268410,https://www.dia.es/product_images/268410/268410_ISO_0_ES.jpg?imwidth=392,"6,25 €",No disponible,No disponible,"(0,31 €/UNIDAD)"
Pañales 15-25 kg talla XL Planeta Bebé de Dia bolsa 18 unidades,https://www.dia.es/bebe/panales-y-toallitas/p/268411,https://www.dia.es/product_images/268411/268411_ISO_0_ES.jpg?imwidth=392,"6,99 €",No disponible,No disponible,"(0,39 €/UNIDAD)"
Calzoncillos absorbentes de noche para niños de 8 a 13 años Huggies DryNites bolsa 9 unidades,https://www.dia.es/bebe/panales-y-toallitas/p/130533,https://www.dia.es/product_images/130533/130533_ISO_0_ES.jpg?imwidth=392,"6,99 €",No disponible,No disponible,"(0,78 €/UNIDAD)"
Calzoncillos absorbentes para niños de 4 a 7 años Huggies DryNites bolsa 10 unidades,https://www.dia.es/bebe/panales-y-toallitas/p/130534,https://www.dia.es/product_images/130534/130534_ISO_0_ES.jpg?imwidth=392,"6,99 €",No disponible,No disponible,"(0,70 €/UNIDAD)"
Gel de baño relajante recambio Planeta Bebé de Dia bolsa 750 ml,https://www.dia.es/bebe/cuidado-del-bebe/p/278728,https://www.dia.es/product_images/278728/278728_ISO_0_ES.jpg?imwidth=392,"1,55 €",No disponible,No disponible,"(0,21 €/100 ML.)"
Suero fisiológico Planeta Bebé de Dia frasco 30 unidades,https://www.dia.es/bebe/cuidado-del-bebe/p/275204,https://www.dia.es/product_images/275204/275204_ISO_0_ES.jpg?imwidth=392,"3,23 €",No disponible,No disponible,"(0,11 €/UNIDAD)"
Agua de colonia infantil Planeta Bebé de Dia botella 750 ml,https://www.dia.es/bebe/cuidado-del-bebe/p/278740,https://www.dia.es/product_images/278740/278740_ISO_0_ES.jpg?imwidth=392,"1,75 €",No disponible,No disponible,"(0,23 €/100 ML.)"
Agua de colonia infantil Nenuco bote 500 ml,https://www.dia.es/bebe/cuidado-del-bebe/p/293907,https://www.dia.es/product_images/293907/293907_ISO_0_ES.jpg?imwidth=392,"2,85 €",No disponible,No disponible,"(0,57 €/100 ML.)"
Champú para bebé Planeta Bebé de Dia bote 750 ml,https://www.dia.es/bebe/cuidado-del-bebe/p/278725,https://www.dia.es/product_images/278725/278725_ISO_0_ES.jpg?imwidth=392,"2,35 €",No disponible,No disponible,"(0,31 €/100 ML.)"
Esponja infantil extrasuave Planeta Junior de Dia bolsa 1 unidad,https://www.dia.es/bebe/cuidado-del-bebe/p/293561,https://www.dia.es/product_images/293561/293561_ISO_0_ES.jpg?imwidth=392,"0,90 €",No disponible,No disponible,"(0,90 €/UNIDAD)"
Loción corporal relajante Planeta Bebé de Dia bote 500 ml,https://www.dia.es/bebe/cuidado-del-bebe/p/278726,https://www.dia.es/product_images/278726/278726_ISO_0_ES.jpg?imwidth=392,"2,49 €",No disponible,No disponible,"(0,50 €/100 ML.)"
Polvos de talco bebé natural Johnsons baby bote 200 g,https://www.dia.es/bebe/cuidado-del-bebe/p/300625,https://www.dia.es/product_images/300625/300625_ISO_0_ES.jpg?imwidth=392,"2,99 €",No disponible,No disponible,"(1,50 €/100 GR.)"
Loción corporal dulces sueños Johnson bote 500 ml,https://www.dia.es/bebe/cuidado-del-bebe/p/255949,https://www.dia.es/product_images/255949/255949_ISO_0_ES.jpg?imwidth=392,"4,89 €",No disponible,No disponible,"(0,98 €/100 ML.)"
Champú gotas de brillo Johnson bote 500 ml,https://www.dia.es/bebe/cuidado-del-bebe/p/255955,https://www.dia.es/product_images/255955/255955_ISO_0_ES.jpg?imwidth=392,"4,29 €",No disponible,No disponible,"(0,86 €/100 ML.)"
Gel de baño dulces sueños Johnson bote 750 ml,https://www.dia.es/bebe/cuidado-del-bebe/p/255944,https://www.dia.es/product_images/255944/255944_ISO_0_ES.jpg?imwidth=392,"3,99 €",No disponible,No disponible,"(0,53 €/100 ML.)"
Colonia Nenuco spray 240 ml,https://www.dia.es/bebe/cuidado-del-bebe/p/147811,https://www.dia.es/product_images/147811/147811_ISO_0_ES.jpg?imwidth=392,"3,99 €",No disponible,No disponible,"(1,66 €/100 ML.)"
Aceite aloe vera Johnson botella 500 ml,https://www.dia.es/bebe/cuidado-del-bebe/p/255941,https://www.dia.es/product_images/255941/255941_ISO_0_ES.jpg?imwidth=392,"3,70 €",No disponible,No disponible,"(0,74 €/100 ML.)"
Champú camomila Johnson bote 750 ml,https://www.dia.es/bebe/cuidado-del-bebe/p/256676,https://www.dia.es/product_images/256676/256676_ISO_0_ES.jpg?imwidth=392,"4,89 €",No disponible,No disponible,"(0,65 €/100 ML.)"
Crema protectora de pañal Johnson tubo 100 ml,https://www.dia.es/bebe/cuidado-del-bebe/p/15627,https://www.dia.es/product_images/15627/15627_ISO_0_ES.jpg?imwidth=392,"4,59 €",No disponible,No disponible,"(4,59 €/100 ML.)"
Acondicionador no más tirones Johnson spray 200 ml,https://www.dia.es/bebe/cuidado-del-bebe/p/255956,https://www.dia.es/product_images/255956/255956_ISO_0_ES.jpg?imwidth=392,"4,29 €",No disponible,No disponible,"(2,15 €/100 ML.)"
Jabón hidratante Nenuco bote 650 ml,https://www.dia.es/bebe/cuidado-del-bebe/p/293910,https://www.dia.es/product_images/293910/293910_ISO_0_ES.jpg?imwidth=392,"3,59 €",No disponible,No disponible,"(0,55 €/100 ML.)"
Champú gold Johnson bote 750 ml,https://www.dia.es/bebe/cuidado-del-bebe/p/255950,https://www.dia.es/product_images/255950/255950_ISO_0_ES.jpg?imwidth=392,"4,89 €",No disponible,No disponible,"(0,65 €/100 ML.)"
Gel de baño aloe vera Johnson Naturaly sensitive botella 395 ml,https://www.dia.es/bebe/cuidado-del-bebe/p/301604,https://www.dia.es/product_images/301604/301604_ISO_0_ES.jpg?imwidth=392,"2,99 €",No disponible,No disponible,"(0,76 €/100 ML.)"
Muñeco solidario Rey León Baby pelon 1 unidad,https://www.dia.es/bebe/cuidado-del-bebe/p/300837,https://www.dia.es/product_images/300837/300837_ISO_0_ES.jpg?imwidth=392,"15,95 €",No disponible,No disponible,"(15,95 €/UNIDAD)"
Muñeco solidario Frozen Anna Baby pelon 1 unidad,https://www.dia.es/bebe/cuidado-del-bebe/p/300836,https://www.dia.es/product_images/300836/300836_ISO_0_ES.jpg?imwidth=392,"15,95 €",No disponible,No disponible,"(15,95 €/UNIDAD)"
Aceite corporal para bebé Planeta Bebé de Dia botella 500 ml,https://www.dia.es/bebe/cuidado-del-bebe/p/278741,https://www.dia.es/product_images/278741/278741_ISO_0_ES.jpg?imwidth=392,"2,29 €",No disponible,No disponible,"(0,46 €/100 ML.)"
Acondicionador gotas de fuerza Johnson spray 200 ml,https://www.dia.es/bebe/cuidado-del-bebe/p/255951,https://www.dia.es/product_images/255951/255951_ISO_0_ES.jpg?imwidth=392,"4,29 €",No disponible,No disponible,"(2,15 €/100 ML.)"
Snack para perros palitos con pollo Deliperro de Dia bolsa 200 g,https://www.dia.es/mascotas/perros/p/296071,https://www.dia.es/product_images/296071/296071_ISO_0_ES.jpg?imwidth=392,"1,00 €",No disponible,No disponible,"(5,00 €/KILO)"
Sticks dentales para perros Deliperro de Dia bolsa 180 g,https://www.dia.es/mascotas/perros/p/296069,https://www.dia.es/product_images/296069/296069_ISO_0_ES.jpg?imwidth=392,"1,51 €",No disponible,No disponible,"(8,39 €/KILO)"
Alimento para perros trozos en salsa con buey y verduras Deliperro de Dia lata 1.25 Kg,https://www.dia.es/mascotas/perros/p/297226,https://www.dia.es/product_images/297226/297226_ISO_0_ES.jpg?imwidth=392,"1,79 €",No disponible,No disponible,"(1,43 €/KILO)"
Paté para perro con pollo Deliperro de Dia tarrina 300 g,https://www.dia.es/mascotas/perros/p/297341,https://www.dia.es/product_images/297341/297341_ISO_0_ES.jpg?imwidth=392,"0,95 €",No disponible,No disponible,"(3,17 €/KILO)"
Snack para perros Pedigree Biscrok caja 500 g,https://www.dia.es/mascotas/perros/p/130346,https://www.dia.es/product_images/130346/130346_ISO_0_ES.jpg?imwidth=392,"2,75 €",No disponible,No disponible,"(5,50 €/KILO)"
Bolsas para residuos caninos con asas Deliperro de Dia caja 36 unidades,https://www.dia.es/mascotas/perros/p/297950,https://www.dia.es/product_images/297950/297950_ISO_0_ES.jpg?imwidth=392,"1,19 €",No disponible,No disponible,"(0,03 €/UNIDAD)"
Alimento para perros trozos en salsa con ave y arroz Deliperro de Dia lata 1.25 Kg,https://www.dia.es/mascotas/perros/p/297227,https://www.dia.es/product_images/297227/297227_ISO_0_ES.jpg?imwidth=392,"1,79 €",No disponible,No disponible,"(1,43 €/KILO)"
Alimento para perros menú mix completo y variado con buey As Dia bolsa 4 Kg,https://www.dia.es/mascotas/perros/p/46334,https://www.dia.es/product_images/46334/46334_ISO_0_ES.jpg?imwidth=392,"6,99 €",No disponible,No disponible,"(1,75 €/KILO)"
Snack para perros sticks con ternera Deliperro de Dia bolsa 88 g,https://www.dia.es/mascotas/perros/p/296065,https://www.dia.es/product_images/296065/296065_ISO_0_ES.jpg?imwidth=392,"1,05 €",No disponible,No disponible,"(11,93 €/KILO)"
Paté para perro con ternera Deliperro de Dia tarrina 300 g,https://www.dia.es/mascotas/perros/p/297340,https://www.dia.es/product_images/297340/297340_ISO_0_ES.jpg?imwidth=392,"0,95 €",No disponible,No disponible,"(3,17 €/KILO)"
Snack para perros sticks de cuero con pollo Deliperro de Dia bolsa 80 g,https://www.dia.es/mascotas/perros/p/296073,https://www.dia.es/product_images/296073/296073_ISO_0_ES.jpg?imwidth=392,"2,39 €",No disponible,No disponible,"(29,88 €/KILO)"
Alimento para perros medianos con buey As Dia bolsa 4 Kg,https://www.dia.es/mascotas/perros/p/221207,https://www.dia.es/product_images/221207/221207_ISO_0_ES.jpg?imwidth=392,"6,99 €",No disponible,No disponible,"(1,75 €/KILO)"
Alimento para perros mini Ultima bolsa 1.5 Kg,https://www.dia.es/mascotas/perros/p/5134,https://www.dia.es/product_images/5134/5134_ISO_0_ES.jpg?imwidth=392,"7,79 €",No disponible,No disponible,"(5,19 €/KILO)"
Alimento para perros receta tradicional Bon menu bolsa 4 Kg,https://www.dia.es/mascotas/perros/p/16111,https://www.dia.es/product_images/16111/16111_ISO_0_ES.jpg?imwidth=392,"8,95 €",No disponible,No disponible,"(2,24 €/KILO)"
Alimento para perros albóndigas con salsa de ave Deliperro de Dia lata 1.2 Kg,https://www.dia.es/mascotas/perros/p/297222,https://www.dia.es/product_images/297222/297222_ISO_0_ES.jpg?imwidth=392,"1,99 €",No disponible,No disponible,"(1,66 €/KILO)"
Snack para perros smiley sticks Frolic bolsa 175 g,https://www.dia.es/mascotas/perros/p/155536,https://www.dia.es/product_images/155536/155536_ISO_0_ES.jpg?imwidth=392,"1,99 €",No disponible,No disponible,"(11,37 €/KILO)"
Alimento para perros completo Biurk bolsa 15 Kg,https://www.dia.es/mascotas/perros/p/302666,https://www.dia.es/product_images/302666/302666_ISO_0_ES.jpg?imwidth=392,"14,99 €",No disponible,No disponible,"(1,00 €/KILO)"
Snack para perros huesitos con pollo Deliperro de Dia bolsa 100 g,https://www.dia.es/mascotas/perros/p/296063,https://www.dia.es/product_images/296063/296063_ISO_0_ES.jpg?imwidth=392,"1,29 €",No disponible,No disponible,"(12,90 €/KILO)"
Snack para perros tiras con ternera Deliperro de Dia bolsa 120 g,https://www.dia.es/mascotas/perros/p/296066,https://www.dia.es/product_images/296066/296066_ISO_0_ES.jpg?imwidth=392,"1,29 €",No disponible,No disponible,"(10,75 €/KILO)"
Salchicha para perros de carne Deliperro de Dia 1 Kg,https://www.dia.es/mascotas/perros/p/296781,https://www.dia.es/product_images/296781/296781_ISO_0_ES.jpg?imwidth=392,"1,80 €",No disponible,No disponible,"(1,80 €/KILO)"
Snack para perros Pedigree Rodeo bolsa 70 g,https://www.dia.es/mascotas/perros/p/85309,https://www.dia.es/product_images/85309/85309_ISO_0_ES.jpg?imwidth=392,"1,49 €",No disponible,No disponible,"(21,29 €/KILO)"
Alimento para perros con pollo y cordero Pedigree tarrina 300 g,https://www.dia.es/mascotas/perros/p/60019,https://www.dia.es/product_images/60019/60019_ISO_0_ES.jpg?imwidth=392,"2,89 €",No disponible,No disponible,"(9,63 €/KILO)"
Snack para perros picnic con pollo Friskies bolsa 42 g,https://www.dia.es/mascotas/perros/p/303800,https://www.dia.es/product_images/303800/303800_ISO_0_ES.jpg?imwidth=392,"1,29 €",No disponible,No disponible,"(30,71 €/KILO)"
Alimento para perros completo mix Friskies bolsa 4 x 85 g,https://www.dia.es/mascotas/perros/p/303574,https://www.dia.es/product_images/303574/303574_ISO_0_ES.jpg?imwidth=392,"2,69 €",No disponible,No disponible,"(7,91 €/KILO)"
Alimento para perros mini con pollo Ultima Pro+ bolsa 1.1 Kg,https://www.dia.es/mascotas/perros/p/301831,https://www.dia.es/product_images/301831/301831_ISO_0_ES.jpg?imwidth=392,"5,38 €",No disponible,No disponible,"(4,89 €/KILO)"
Alimento para perros mini adultos mix salmón/pavo Ultima bolsa 4 x 100 g,https://www.dia.es/mascotas/perros/p/301317,https://www.dia.es/product_images/301317/301317_ISO_0_ES.jpg?imwidth=392,"2,79 €",No disponible,No disponible,"(6,98 €/KILO)"
Alimento para perros mini junior con pollo Ultima bolsa 800 g,https://www.dia.es/mascotas/perros/p/301316,https://www.dia.es/product_images/301316/301316_ISO_0_ES.jpg?imwidth=392,"4,95 €",No disponible,No disponible,"(6,19 €/KILO)"
Alimento para perros adultos con pollo Ultima tarrina 150 g,https://www.dia.es/mascotas/perros/p/300429,https://www.dia.es/product_images/300429/300429_ISO_0_ES.jpg?imwidth=392,"1,49 €",No disponible,No disponible,"(9,93 €/KILO)"
Alimento para perros adultos mix pollo / buey Ultima bolsa 4 x 100 g,https://www.dia.es/mascotas/perros/p/300428,https://www.dia.es/product_images/300428/300428_ISO_0_ES.jpg?imwidth=392,"2,79 €",No disponible,No disponible,"(6,98 €/KILO)"
Alimento para perros mini adulto con salmón Ultima bolsa 1.25 Kg,https://www.dia.es/mascotas/perros/p/298732,https://www.dia.es/product_images/298732/298732_ISO_0_ES.jpg?imwidth=392,"7,79 €",No disponible,No disponible,"(6,23 €/KILO)"
Hueso de calcio natural para perros Biozoo bolsa 1 unidad,https://www.dia.es/mascotas/perros/p/298564,https://www.dia.es/product_images/298564/298564_ISO_0_ES.jpg?imwidth=392,"2,29 €",No disponible,No disponible,"(2,29 €/UNIDAD)"
Alimento para perros paté de cerdo Deliperro de Dia lata 400 g,https://www.dia.es/mascotas/perros/p/297884,https://www.dia.es/product_images/297884/297884_ISO_0_ES.jpg?imwidth=392,"1,49 €",No disponible,No disponible,"(3,73 €/KILO)"
Alimento para perros paté de ave Deliperro de Dia lata 400 g,https://www.dia.es/mascotas/perros/p/297883,https://www.dia.es/product_images/297883/297883_ISO_0_ES.jpg?imwidth=392,"1,49 €",No disponible,No disponible,"(3,73 €/KILO)"
Paté para perros mini junior con pollo y pavo Deliperro de Dia tarrina 150 g,https://www.dia.es/mascotas/perros/p/297350,https://www.dia.es/product_images/297350/297350_ISO_0_ES.jpg?imwidth=392,"0,99 €",No disponible,No disponible,"(6,60 €/KILO)"
Paté para perros con buey Deliperro de Dia tarrina 150 g,https://www.dia.es/mascotas/perros/p/297347,https://www.dia.es/product_images/297347/297347_ISO_0_ES.jpg?imwidth=392,"0,99 €",No disponible,No disponible,"(6,60 €/KILO)"
Paté para perros cachorros con pollo Deliperro de Dia tarrina 300 g,https://www.dia.es/mascotas/perros/p/297345,https://www.dia.es/product_images/297345/297345_ISO_0_ES.jpg?imwidth=392,"0,95 €",No disponible,No disponible,"(3,17 €/KILO)"
Paté para perros senior con pollo Deliperro de Dia tarrina 300 g,https://www.dia.es/mascotas/perros/p/297343,https://www.dia.es/product_images/297343/297343_ISO_0_ES.jpg?imwidth=392,"0,95 €",No disponible,No disponible,"(3,17 €/KILO)"
Alimentos para perros mini hamburguesas Deliperro de Dia bolsa 70 g,https://www.dia.es/mascotas/perros/p/296074,https://www.dia.es/product_images/296074/296074_ISO_0_ES.jpg?imwidth=392,"1,99 €",No disponible,No disponible,"(28,43 €/KILO)"
Snack para perros sticks de cuero natural Deliperro de Dia bolsa 100 g,https://www.dia.es/mascotas/perros/p/296072,https://www.dia.es/product_images/296072/296072_ISO_0_ES.jpg?imwidth=392,"2,39 €",No disponible,No disponible,"(23,90 €/KILO)"
Ministick dental para perros Deliperro de Dia bolsa 110 g,https://www.dia.es/mascotas/perros/p/296070,https://www.dia.es/product_images/296070/296070_ISO_0_ES.jpg?imwidth=392,"1,29 €",No disponible,No disponible,"(11,73 €/KILO)"
Snack para perros hueso prensado Deliperro de Dia bolsa 2 unidades,https://www.dia.es/mascotas/perros/p/296068,https://www.dia.es/product_images/296068/296068_ISO_0_ES.jpg?imwidth=392,"1,79 €",No disponible,No disponible,"(0,90 €/UNIDAD)"
Snack para perros big bones con pollo Deliperro de Dia bolsa 200 g,https://www.dia.es/mascotas/perros/p/296067,https://www.dia.es/product_images/296067/296067_ISO_0_ES.jpg?imwidth=392,"1,79 €",No disponible,No disponible,"(8,95 €/KILO)"
Snack para perros sticks con pollo Deliperro de Dia bolsa 88 g,https://www.dia.es/mascotas/perros/p/296064,https://www.dia.es/product_images/296064/296064_ISO_0_ES.jpg?imwidth=392,"1,05 €",No disponible,No disponible,"(11,93 €/KILO)"
Alimento para perros adultos con buey y verduras Brekkies bolsa 2.5 Kg,https://www.dia.es/mascotas/perros/p/295343,https://www.dia.es/product_images/295343/295343_ISO_0_ES.jpg?imwidth=392,"9,45 €",No disponible,No disponible,"(3,78 €/KILO)"
Snack para perros medianos dentaxtix Pedigree Dentastix bolsa 128 g,https://www.dia.es/mascotas/perros/p/288808,https://www.dia.es/product_images/288808/288808_ISO_0_ES.jpg?imwidth=392,"2,29 €",No disponible,No disponible,"(20,82 €/KILO)"
Snack para perros dentaxtix grandes Pedigree Dentastix bolsa 154 g,https://www.dia.es/mascotas/perros/p/288807,https://www.dia.es/product_images/288807/288807_ISO_0_ES.jpg?imwidth=392,"2,29 €",No disponible,No disponible,"(20,82 €/KILO)"
Alimento para perros con salmón Brekkies Delicious bolsa 2.7 Kg,https://www.dia.es/mascotas/perros/p/285498,https://www.dia.es/product_images/285498/285498_ISO_0_ES.jpg?imwidth=392,"9,79 €",No disponible,No disponible,"(3,63 €/KILO)"
Snack para perros con buey Vitakraft bolsa 12 g,https://www.dia.es/mascotas/perros/p/260283,https://www.dia.es/product_images/260283/260283_ISO_0_ES.jpg?imwidth=392,"0,59 €",No disponible,No disponible,"(49,17 €/KILO)"
Alimento para perros mini adulto con buey Ultima bolsa 1.5 Kg,https://www.dia.es/mascotas/perros/p/252878,https://www.dia.es/product_images/252878/252878_ISO_0_ES.jpg?imwidth=392,"7,79 €",No disponible,No disponible,"(5,19 €/KILO)"
Alimento para perros mini sensitive con salmón Ultima bolsa 1.5 Kg,https://www.dia.es/mascotas/perros/p/234365,https://www.dia.es/product_images/234365/234365_ISO_0_ES.jpg?imwidth=392,"9,09 €",No disponible,No disponible,"(6,06 €/KILO)"
Alimento para perros mini con cordero Ultima bolsa 1.25 Kg,https://www.dia.es/mascotas/perros/p/231411,https://www.dia.es/product_images/231411/231411_ISO_0_ES.jpg?imwidth=392,"9,95 €",No disponible,No disponible,"(7,96 €/KILO)"
Bocaditos en salsa para perros mini As Dia bolsa 400 g,https://www.dia.es/mascotas/perros/p/228532,https://www.dia.es/product_images/228532/228532_ISO_0_ES.jpg?imwidth=392,"1,99 €",No disponible,No disponible,"(4,98 €/KILO)"
Alimento para perros alta energía rico en pollo con arroz As Dia bolsa 12 Kg,https://www.dia.es/mascotas/perros/p/221209,https://www.dia.es/product_images/221209/221209_ISO_0_ES.jpg?imwidth=392,"18,99 €",No disponible,No disponible,"(1,58 €/KILO)"
Alimento para perros mini rico en ave con arroz y guisantes As Dia bolsa 1 Kg,https://www.dia.es/mascotas/perros/p/208281,https://www.dia.es/product_images/208281/208281_ISO_0_ES.jpg?imwidth=392,"3,29 €",No disponible,No disponible,"(3,29 €/KILO)"
Alimento para perros junior mini rico en pollo As Dia bolsa 800 g,https://www.dia.es/mascotas/perros/p/208171,https://www.dia.es/product_images/208171/208171_ISO_0_ES.jpg?imwidth=392,"2,99 €",No disponible,No disponible,"(3,74 €/KILO)"
Alimento para perros adultos rico en pollo As Dia bolsa 4 Kg,https://www.dia.es/mascotas/perros/p/208169,https://www.dia.es/product_images/208169/208169_ISO_0_ES.jpg?imwidth=392,"11,89 €",No disponible,No disponible,"(2,97 €/KILO)"
Alimento para perros mini rico en salmón As Dia bolsa 2 Kg,https://www.dia.es/mascotas/perros/p/208166,https://www.dia.es/product_images/208166/208166_ISO_0_ES.jpg?imwidth=392,"6,65 €",No disponible,No disponible,"(3,33 €/KILO)"
Alimento para perros selección de carnes Bon menu bolsa 10 Kg,https://www.dia.es/mascotas/perros/p/188110,https://www.dia.es/product_images/188110/188110_ISO_0_ES.jpg?imwidth=392,"22,19 €",No disponible,No disponible,"(2,22 €/KILO)"
Alimento para perros adulto con pollo y arroz Ultima bolsa 7.5 Kg,https://www.dia.es/mascotas/perros/p/182394,https://www.dia.es/product_images/182394/182394_ISO_0_ES.jpg?imwidth=392,"32,90 €",No disponible,No disponible,"(4,39 €/KILO)"
Alimento para perro active Friskies bolsa 3 Kg,https://www.dia.es/mascotas/perros/p/180626,https://www.dia.es/product_images/180626/180626_ISO_0_ES.jpg?imwidth=392,"9,49 €",No disponible,No disponible,"(3,16 €/KILO)"
Alimento para perros senior Ultima bolsa 3 Kg,https://www.dia.es/mascotas/perros/p/172751,https://www.dia.es/product_images/172751/172751_ISO_0_ES.jpg?imwidth=392,"15,09 €",No disponible,No disponible,"(5,03 €/KILO)"
Alimento para perros selección de la huerta con pollo Cesar tarrina 150 g,https://www.dia.es/mascotas/perros/p/171038,https://www.dia.es/product_images/171038/171038_ISO_0_ES.jpg?imwidth=392,"1,29 €",No disponible,No disponible,"(8,60 €/KILO)"
Alimento para perros mini con buey Purina one bolsa 800 g,https://www.dia.es/mascotas/perros/p/160680,https://www.dia.es/product_images/160680/160680_ISO_0_ES.jpg?imwidth=392,"4,99 €",No disponible,No disponible,"(6,24 €/KILO)"
Alimento para perros completo Cesar caja 600 g,https://www.dia.es/mascotas/perros/p/160671,https://www.dia.es/product_images/160671/160671_ISO_0_ES.jpg?imwidth=392,"6,29 €",No disponible,No disponible,"(10,48 €/KILO)"
Snack para perros beef stick de caza Vitakraft 12 g,https://www.dia.es/mascotas/perros/p/155929,https://www.dia.es/product_images/155929/155929_ISO_0_ES.jpg?imwidth=392,"0,59 €",No disponible,No disponible,"(49,17 €/KILO)"
Snack para perros con pavo Vitakraft 12 g,https://www.dia.es/mascotas/perros/p/155928,https://www.dia.es/product_images/155928/155928_ISO_0_ES.jpg?imwidth=392,"0,59 €",No disponible,No disponible,"(49,17 €/KILO)"
Alimento para perros adultos con aves y verduras Friskies bolsa 3 Kg,https://www.dia.es/mascotas/perros/p/155562,https://www.dia.es/product_images/155562/155562_ISO_0_ES.jpg?imwidth=392,"8,99 €",No disponible,No disponible,"(3,00 €/KILO)"
Alimento para perros yorkshire terrier con pollo y arroz Ultima bolsa 1.5 Kg,https://www.dia.es/mascotas/perros/p/155514,https://www.dia.es/product_images/155514/155514_ISO_0_ES.jpg?imwidth=392,"9,09 €",No disponible,No disponible,"(6,06 €/KILO)"
Alimento para perros adultos con buey Brekkies Delicious bolsa 3 Kg,https://www.dia.es/mascotas/perros/p/152919,https://www.dia.es/product_images/152919/152919_ISO_0_ES.jpg?imwidth=392,"9,79 €",No disponible,No disponible,"(3,26 €/KILO)"
Paté para perros mini con buey e hígado Pedigree tarrina 300 g,https://www.dia.es/mascotas/perros/p/151716,https://www.dia.es/product_images/151716/151716_ISO_0_ES.jpg?imwidth=392,"2,89 €",No disponible,No disponible,"(9,63 €/KILO)"
Alimento para perros con pollo Cesar tarrina 150 g,https://www.dia.es/mascotas/perros/p/151455,https://www.dia.es/product_images/151455/151455_ISO_0_ES.jpg?imwidth=392,"1,69 €",No disponible,No disponible,"(11,27 €/KILO)"
Paté para perros senior con pollo Cesar tarrina 150 g,https://www.dia.es/mascotas/perros/p/151454,https://www.dia.es/product_images/151454/151454_ISO_0_ES.jpg?imwidth=392,"1,69 €",No disponible,No disponible,"(11,27 €/KILO)"
Snack para perros funtastick sabor jamón /queso Friskies bolsa 175 g,https://www.dia.es/mascotas/perros/p/148455,https://www.dia.es/product_images/148455/148455_ISO_0_ES.jpg?imwidth=392,"2,35 €",No disponible,No disponible,"(13,43 €/KILO)"
Alimento para perros junior con pollo y arroz Ultima bolsa 3 Kg,https://www.dia.es/mascotas/perros/p/130340,https://www.dia.es/product_images/130340/130340_ISO_0_ES.jpg?imwidth=392,"15,09 €",No disponible,No disponible,"(5,03 €/KILO)"
Alimento para perros adultos con pollo y arroz Ultima bolsa 3 Kg,https://www.dia.es/mascotas/perros/p/130333,https://www.dia.es/product_images/130333/130333_ISO_0_ES.jpg?imwidth=392,"13,45 €",No disponible,No disponible,"(4,48 €/KILO)"
Alimento para perros completo Friskies bolsa 10 Kg,https://www.dia.es/mascotas/perros/p/130332,https://www.dia.es/product_images/130332/130332_ISO_0_ES.jpg?imwidth=392,"24,99 €",No disponible,No disponible,"(2,50 €/KILO)"
Alimento para perros mini senior Ultima bolsa 1.5 Kg,https://www.dia.es/mascotas/perros/p/129315,https://www.dia.es/product_images/129315/129315_ISO_0_ES.jpg?imwidth=392,"9,09 €",No disponible,No disponible,"(6,06 €/KILO)"
Snack para perros mini Pedigree Dentastix bolsa 110 g,https://www.dia.es/mascotas/perros/p/127938,https://www.dia.es/product_images/127938/127938_ISO_0_ES.jpg?imwidth=392,"2,29 €",No disponible,No disponible,"(20,82 €/KILO)"
Alimento para perros senior As Dia bolsa 3 Kg,https://www.dia.es/mascotas/perros/p/102630,https://www.dia.es/product_images/102630/102630_ISO_0_ES.jpg?imwidth=392,"6,15 €",No disponible,No disponible,"(2,05 €/KILO)"
Arena para gatos absorbente Deligato Dia bolsa 5 Kg,https://www.dia.es/mascotas/gatos/p/270111,https://www.dia.es/product_images/270111/270111_ISO_0_ES.jpg?imwidth=392,"1,40 €",No disponible,No disponible,"(0,28 €/KILO)"
Arena para gatos compacta Deligato Dia caja 4 Kg,https://www.dia.es/mascotas/gatos/p/270113,https://www.dia.es/product_images/270113/270113_ISO_0_ES.jpg?imwidth=392,"3,49 €",No disponible,No disponible,"(0,87 €/KILO)"
Arena para gatos absorbente perfumada Deligato Dia bolsa 5 Kg,https://www.dia.es/mascotas/gatos/p/270112,https://www.dia.es/product_images/270112/270112_ISO_0_ES.jpg?imwidth=392,"1,89 €",No disponible,No disponible,"(0,38 €/KILO)"
Snack para gatos sticks de salmón Deligato Dia bolsa 10 unidades,https://www.dia.es/mascotas/gatos/p/296062,https://www.dia.es/product_images/296062/296062_ISO_0_ES.jpg?imwidth=392,"1,05 €",No disponible,No disponible,"(0,11 €/UNIDAD)"
Alimento para gatos multicomponente sabor pescado As Dia bolsa 4 Kg,https://www.dia.es/mascotas/gatos/p/128356,https://www.dia.es/product_images/128356/128356_ISO_0_ES.jpg?imwidth=392,"6,89 €",No disponible,No disponible,"(1,72 €/KILO)"
Paté para gato junior con pollo y pavo Deligato Dia tarrina 100 g,https://www.dia.es/mascotas/gatos/p/297339,https://www.dia.es/product_images/297339/297339_ISO_0_ES.jpg?imwidth=392,"0,45 €",No disponible,No disponible,"(4,50 €/KILO)"
Bocaditos en gelatina para gatos adultos As Dia bolsa 1.2 Kg,https://www.dia.es/mascotas/gatos/p/229979,https://www.dia.es/product_images/229979/229979_ISO_0_ES.jpg?imwidth=392,"3,85 €",No disponible,No disponible,"(3,21 €/KILO)"
"Alimento para gatos bocaditos con trucha, salmón y verduras Deligato Dia lata 400 g",https://www.dia.es/mascotas/gatos/p/297218,https://www.dia.es/product_images/297218/297218_ISO_0_ES.jpg?imwidth=392,"0,79 €",No disponible,No disponible,"(1,98 €/KILO)"
Snack para gatos rellenos con pollo y malta Deligato Dia bolsa 60 g,https://www.dia.es/mascotas/gatos/p/296059,https://www.dia.es/product_images/296059/296059_ISO_0_ES.jpg?imwidth=392,"0,94 €",No disponible,No disponible,"(15,67 €/KILO)"
Alimento para gatos en gelatina sabor carne Felix bolsa 340 g,https://www.dia.es/mascotas/gatos/p/283040,https://www.dia.es/product_images/283040/283040_ISO_0_ES.jpg?imwidth=392,"1,99 €",No disponible,No disponible,"(5,85 €/KILO)"
Alimento para gatos en gelatina sabor pescado Felix bolsa 340 g,https://www.dia.es/mascotas/gatos/p/283041,https://www.dia.es/product_images/283041/283041_ISO_0_ES.jpg?imwidth=392,"1,99 €",No disponible,No disponible,"(5,85 €/KILO)"
Arena para gatos magic clean Vitakraft bolsa 1.85 Kg,https://www.dia.es/mascotas/gatos/p/231312,https://www.dia.es/product_images/231312/231312_ISO_0_ES.jpg?imwidth=392,"5,89 €",No disponible,No disponible,"(3,18 €/KILO)"
Alimento para gatos bocaditos con buey y verduras Deligato Dia lata 400 g,https://www.dia.es/mascotas/gatos/p/297217,https://www.dia.es/product_images/297217/297217_ISO_0_ES.jpg?imwidth=392,"0,79 €",No disponible,No disponible,"(1,98 €/KILO)"
Alimento para gatos junior rico en pollo y arroz Ultima bolsa 400 g,https://www.dia.es/mascotas/gatos/p/189964,https://www.dia.es/product_images/189964/189964_ISO_0_ES.jpg?imwidth=392,"3,09 €",No disponible,No disponible,"(7,73 €/KILO)"
Paté para gato con salmón y trucha Deligato Dia tarrina 100 g,https://www.dia.es/mascotas/gatos/p/297337,https://www.dia.es/product_images/297337/297337_ISO_0_ES.jpg?imwidth=392,"0,45 €",No disponible,No disponible,"(4,50 €/KILO)"
Alimento para gatos esterilizados con pollo Ultima bolsa 1.5 Kg,https://www.dia.es/mascotas/gatos/p/275227,https://www.dia.es/product_images/275227/275227_ISO_0_ES.jpg?imwidth=392,"10,49 €",No disponible,No disponible,"(6,99 €/KILO)"
Mousse para gatos con atún Deligato Dia lata 85 g,https://www.dia.es/mascotas/gatos/p/297315,https://www.dia.es/product_images/297315/297315_ISO_0_ES.jpg?imwidth=392,"0,65 €",No disponible,No disponible,"(7,65 €/KILO)"
Snack para gatos sticks de pollo e hígado Deligato Dia bolsa 10 unidades,https://www.dia.es/mascotas/gatos/p/296061,https://www.dia.es/product_images/296061/296061_ISO_0_ES.jpg?imwidth=392,"1,05 €",No disponible,No disponible,"(0,11 €/UNIDAD)"
Alimento para gatos salmón Friskies bolsa 3 Kg,https://www.dia.es/mascotas/gatos/p/84820,https://www.dia.es/product_images/84820/84820_ISO_0_ES.jpg?imwidth=392,"9,69 €",No disponible,No disponible,"(3,23 €/KILO)"
Mousse para gatos con pescado Gourmet lata 85 g,https://www.dia.es/mascotas/gatos/p/37161,https://www.dia.es/product_images/37161/37161_ISO_0_ES.jpg?imwidth=392,"0,85 €",No disponible,No disponible,"(10,00 €/KILO)"
Alimento para gatos con pollo Vitakraft bolsa 85 g,https://www.dia.es/mascotas/gatos/p/303473,https://www.dia.es/product_images/303473/303473_ISO_0_ES.jpg?imwidth=392,"0,80 €",No disponible,No disponible,"(9,41 €/KILO)"
Alimento para gatos junior con pavo Vitakraft bolsa 85 g,https://www.dia.es/mascotas/gatos/p/303472,https://www.dia.es/product_images/303472/303472_ISO_0_ES.jpg?imwidth=392,"0,80 €",No disponible,No disponible,"(9,41 €/KILO)"
Alimento para gatos completo Biurk bolsa 7.5 Kg,https://www.dia.es/mascotas/gatos/p/302667,https://www.dia.es/product_images/302667/302667_ISO_0_ES.jpg?imwidth=392,"10,99 €",No disponible,No disponible,"(1,47 €/KILO)"
Alimento para gatos esterilizados con salmón Ultima Pro+ bolsa 375 g,https://www.dia.es/mascotas/gatos/p/301830,https://www.dia.es/product_images/301830/301830_ISO_0_ES.jpg?imwidth=392,"2,58 €",No disponible,No disponible,"(6,89 €/KILO)"
Alimento para gatos esterilizados con pollo Ultima Pro+ bolsa 375 g,https://www.dia.es/mascotas/gatos/p/301829,https://www.dia.es/product_images/301829/301829_ISO_0_ES.jpg?imwidth=392,"2,58 €",No disponible,No disponible,"(6,89 €/KILO)"
Alimento para gatos esterilizados anti bolas de pelo con pavo Ultima bolsa 440 g,https://www.dia.es/mascotas/gatos/p/301586,https://www.dia.es/product_images/301586/301586_ISO_0_ES.jpg?imwidth=392,"3,69 €",No disponible,No disponible,"(8,39 €/KILO)"
Alimento para gatos esterilizados con buey Ultima bolsa 440 g,https://www.dia.es/mascotas/gatos/p/301585,https://www.dia.es/product_images/301585/301585_ISO_0_ES.jpg?imwidth=392,"3,69 €",No disponible,No disponible,"(8,39 €/KILO)"
Alimento para gatos con pollo Ultima lata 85 g,https://www.dia.es/mascotas/gatos/p/300431,https://www.dia.es/product_images/300431/300431_ISO_0_ES.jpg?imwidth=392,"0,99 €",No disponible,No disponible,"(11,65 €/KILO)"
Alimento para gatos con pescado Ultima lata 85 g,https://www.dia.es/mascotas/gatos/p/300430,https://www.dia.es/product_images/300430/300430_ISO_0_ES.jpg?imwidth=392,"0,99 €",No disponible,No disponible,"(11,65 €/KILO)"
Alimento para gatos paté de ternera Deligato Dia lata 400 g,https://www.dia.es/mascotas/gatos/p/297886,https://www.dia.es/product_images/297886/297886_ISO_0_ES.jpg?imwidth=392,"1,49 €",No disponible,No disponible,"(3,73 €/KILO)"
Alimento para gatos paté con pollo Deligato Dia lata 400 g,https://www.dia.es/mascotas/gatos/p/297885,https://www.dia.es/product_images/297885/297885_ISO_0_ES.jpg?imwidth=392,"1,49 €",No disponible,No disponible,"(3,73 €/KILO)"
Alimento para gato bocaditos en salsa Deligato Dia caja 12 x 100 g,https://www.dia.es/mascotas/gatos/p/297532,https://www.dia.es/product_images/297532/297532_ISO_0_ES.jpg?imwidth=392,"3,99 €",No disponible,No disponible,"(3,33 €/KILO)"
Paté para gato esterilizado con pollo Deligato Dia tarrina 100 g,https://www.dia.es/mascotas/gatos/p/297338,https://www.dia.es/product_images/297338/297338_ISO_0_ES.jpg?imwidth=392,"0,45 €",No disponible,No disponible,"(4,50 €/KILO)"
Paté para gato con buey Deligato Dia tarrina 100 g,https://www.dia.es/mascotas/gatos/p/297336,https://www.dia.es/product_images/297336/297336_ISO_0_ES.jpg?imwidth=392,"0,45 €",No disponible,No disponible,"(4,50 €/KILO)"
Mousse para gatos con pato Deligato Dia lata 85 g,https://www.dia.es/mascotas/gatos/p/297318,https://www.dia.es/product_images/297318/297318_ISO_0_ES.jpg?imwidth=392,"0,65 €",No disponible,No disponible,"(7,65 €/KILO)"
Mousse para gatos con pollo Deligato Dia lata 85 g,https://www.dia.es/mascotas/gatos/p/297317,https://www.dia.es/product_images/297317/297317_ISO_0_ES.jpg?imwidth=392,"0,65 €",No disponible,No disponible,"(7,65 €/KILO)"
Mousse para gatos con buey Deligato Dia lata 85 g,https://www.dia.es/mascotas/gatos/p/297316,https://www.dia.es/product_images/297316/297316_ISO_0_ES.jpg?imwidth=392,"0,65 €",No disponible,No disponible,"(7,65 €/KILO)"
Snack para gatos líquido de pollo y salmón Deligato Dia bolsa 105 g,https://www.dia.es/mascotas/gatos/p/296060,https://www.dia.es/product_images/296060/296060_ISO_0_ES.jpg?imwidth=392,"1,40 €",No disponible,No disponible,"(13,33 €/KILO)"
Snacks para gatos rellenos con salmón Deligato Dia bolsa 60 g,https://www.dia.es/mascotas/gatos/p/296058,https://www.dia.es/product_images/296058/296058_ISO_0_ES.jpg?imwidth=392,"1,19 €",No disponible,No disponible,"(19,83 €/KILO)"
Snack para gato de pollo con hierba 3 unidades Vitakraft bolsa 18 g,https://www.dia.es/mascotas/gatos/p/295045,https://www.dia.es/product_images/295045/295045_ISO_0_ES.jpg?imwidth=392,"1,15 €",No disponible,No disponible,"(63,89 €/KILO)"
Snack para gatos con pollo y calabaza Nestlé caja 50 g,https://www.dia.es/mascotas/gatos/p/293026,https://www.dia.es/product_images/293026/293026_ISO_0_ES.jpg?imwidth=392,"2,59 €",No disponible,No disponible,"(51,80 €/KILO)"
Alimento para gatos senior aves en gelatina Whiskas bolsa 340 g,https://www.dia.es/mascotas/gatos/p/292975,https://www.dia.es/product_images/292975/292975_ISO_0_ES.jpg?imwidth=392,"2,39 €",No disponible,No disponible,"(7,03 €/KILO)"
Alimento para gatos selección carnes en salsa Whiskas bolsa 340 g,https://www.dia.es/mascotas/gatos/p/292974,https://www.dia.es/product_images/292974/292974_ISO_0_ES.jpg?imwidth=392,"2,39 €",No disponible,No disponible,"(7,03 €/KILO)"
Alimento para gatos selección pescado en gelatina Whiskas bolsa 340 g,https://www.dia.es/mascotas/gatos/p/292640,https://www.dia.es/product_images/292640/292640_ISO_0_ES.jpg?imwidth=392,"2,39 €",No disponible,No disponible,"(7,03 €/KILO)"
Alimento para gatos junior aves en gelatina Whiskas bolsa 340 g,https://www.dia.es/mascotas/gatos/p/292605,https://www.dia.es/product_images/292605/292605_ISO_0_ES.jpg?imwidth=392,"2,59 €",No disponible,No disponible,"(7,62 €/KILO)"
Alimento para gatos esterilizados con pollo Brekkies bolsa 3 Kg,https://www.dia.es/mascotas/gatos/p/285867,https://www.dia.es/product_images/285867/285867_ISO_0_ES.jpg?imwidth=392,"11,79 €",No disponible,No disponible,"(3,93 €/KILO)"
Alimento para gatos receta con buey Brekkies bolsa 3.5 Kg,https://www.dia.es/mascotas/gatos/p/285866,https://www.dia.es/product_images/285866/285866_ISO_0_ES.jpg?imwidth=392,"11,45 €",No disponible,No disponible,"(3,27 €/KILO)"
Mousse para gatos de pollo Gourmet caja 4 x 57 g,https://www.dia.es/mascotas/gatos/p/284384,https://www.dia.es/product_images/284384/284384_ISO_0_ES.jpg?imwidth=392,"3,39 €",No disponible,No disponible,"(14,87 €/KILO)"
Mousse para gatos de salmón Vitakraft lata 85 g,https://www.dia.es/mascotas/gatos/p/283122,https://www.dia.es/product_images/283122/283122_ISO_0_ES.jpg?imwidth=392,"0,79 €",No disponible,No disponible,"(9,29 €/KILO)"
Mousse para gatos con pollo Vitakraft lata 85 g,https://www.dia.es/mascotas/gatos/p/283121,https://www.dia.es/product_images/283121/283121_ISO_0_ES.jpg?imwidth=392,"0,79 €",No disponible,No disponible,"(9,29 €/KILO)"
Alimento para gatos fantastic sabor festín del mar 4 unidades Felix bolsa 340 g,https://www.dia.es/mascotas/gatos/p/283043,https://www.dia.es/product_images/283043/283043_ISO_0_ES.jpg?imwidth=392,"2,79 €",No disponible,No disponible,"(8,21 €/KILO)"
Alimento para gatos fantastic sabor carne Felix bolsa 4 x 85 g,https://www.dia.es/mascotas/gatos/p/283042,https://www.dia.es/product_images/283042/283042_ISO_0_ES.jpg?imwidth=392,"2,79 €",No disponible,No disponible,"(8,21 €/KILO)"
Mousse para gatos de salmón Gourmet caja 4 x 57 g,https://www.dia.es/mascotas/gatos/p/280375,https://www.dia.es/product_images/280375/280375_ISO_0_ES.jpg?imwidth=392,"3,39 €",No disponible,No disponible,"(14,87 €/KILO)"
Alimento para gatos tartalette Gourmet caja 8 x 85 g,https://www.dia.es/mascotas/gatos/p/280224,https://www.dia.es/product_images/280224/280224_ISO_0_ES.jpg?imwidth=392,"6,79 €",No disponible,No disponible,"(9,99 €/KILO)"
Alimento para gatos rico en ave As Dia bolsa 4 Kg,https://www.dia.es/mascotas/gatos/p/27831,https://www.dia.es/product_images/27831/27831_ISO_0_ES.jpg?imwidth=392,"6,69 €",No disponible,No disponible,"(1,67 €/KILO)"
Alimento para gatos con pollo y pavo rellenas de jamón Brekkies Delicious bolsa 900 g,https://www.dia.es/mascotas/gatos/p/277529,https://www.dia.es/product_images/277529/277529_ISO_0_ES.jpg?imwidth=392,"4,25 €",No disponible,No disponible,"(4,72 €/KILO)"
Alimento para gatos con salmón y atún rellenas de gamba Brekkies Delicious bolsa 900 g,https://www.dia.es/mascotas/gatos/p/277528,https://www.dia.es/product_images/277528/277528_ISO_0_ES.jpg?imwidth=392,"4,25 €",No disponible,No disponible,"(4,72 €/KILO)"
Snack líquido para gatos con salmón Vitakraft caja 90 g,https://www.dia.es/mascotas/gatos/p/273656,https://www.dia.es/product_images/273656/273656_ISO_0_ES.jpg?imwidth=392,"2,49 €",No disponible,No disponible,"(27,67 €/KILO)"
Alimento para gatos esterilizados con carne Ultima bolsa 340 g,https://www.dia.es/mascotas/gatos/p/272412,https://www.dia.es/product_images/272412/272412_ISO_0_ES.jpg?imwidth=392,"3,59 €",No disponible,No disponible,"(10,56 €/KILO)"
Alimento para gatos esterilizados con pescado Ultima bolsa 340 g,https://www.dia.es/mascotas/gatos/p/272086,https://www.dia.es/product_images/272086/272086_ISO_0_ES.jpg?imwidth=392,"3,59 €",No disponible,No disponible,"(10,56 €/KILO)"
Alimento para gatos adultos sabor salmón Ultima bolsa 750 g,https://www.dia.es/mascotas/gatos/p/271303,https://www.dia.es/product_images/271303/271303_ISO_0_ES.jpg?imwidth=392,"5,59 €",No disponible,No disponible,"(7,45 €/KILO)"
Alimento para gatos esterilizados anti bolas de pelo con trucha Ultima bolsa 1.5 Kg,https://www.dia.es/mascotas/gatos/p/269741,https://www.dia.es/product_images/269741/269741_ISO_0_ES.jpg?imwidth=392,"10,49 €",No disponible,No disponible,"(6,99 €/KILO)"
Alimento para gatos esterilizados y tracto urinario con pollo Ultima bolsa 1.5 Kg,https://www.dia.es/mascotas/gatos/p/269099,https://www.dia.es/product_images/269099/269099_ISO_0_ES.jpg?imwidth=392,"10,49 €",No disponible,No disponible,"(6,99 €/KILO)"
Alimento para gatos esterilizados con salmón Ultima bolsa 1.25 Kg,https://www.dia.es/mascotas/gatos/p/261679,https://www.dia.es/product_images/261679/261679_ISO_0_ES.jpg?imwidth=392,"10,90 €",No disponible,No disponible,"(8,72 €/KILO)"
Alimentos para gatos fondant pollo Gourmet lata 85 g,https://www.dia.es/mascotas/gatos/p/254321,https://www.dia.es/product_images/254321/254321_ISO_0_ES.jpg?imwidth=392,"0,85 €",No disponible,No disponible,"(10,00 €/KILO)"
Alimento para gatos esterilizados digestivo con trucha Ultima bolsa 1.5 kg,https://www.dia.es/mascotas/gatos/p/249839,https://www.dia.es/product_images/249839/249839_ISO_0_ES.jpg?imwidth=392,"10,49 €",No disponible,No disponible,"(6,99 €/KILO)"
Bocaditos en salsa para gatos adultos As Dia caja 1.2 Kg,https://www.dia.es/mascotas/gatos/p/229980,https://www.dia.es/product_images/229980/229980_ISO_0_ES.jpg?imwidth=392,"3,85 €",No disponible,No disponible,"(3,21 €/KILO)"
Alimento para gatos control bolas de pelo rico en salmón con guisantes As Dia bolsa 1.5 Kg,https://www.dia.es/mascotas/gatos/p/221213,https://www.dia.es/product_images/221213/221213_ISO_0_ES.jpg?imwidth=392,"5,49 €",No disponible,No disponible,"(3,66 €/KILO)"
"Alimento para gatos control tracto urinario con conejo, arroz y guisantes As Dia bolsa 1.5 Kg",https://www.dia.es/mascotas/gatos/p/221212,https://www.dia.es/product_images/221212/221212_ISO_0_ES.jpg?imwidth=392,"5,49 €",No disponible,No disponible,"(3,66 €/KILO)"
Alimento para gatos esterilizados anti bolas de pelo con pavo Ultima bolsa 1.5 Kg,https://www.dia.es/mascotas/gatos/p/220419,https://www.dia.es/product_images/220419/220419_ISO_0_ES.jpg?imwidth=392,"10,49 €",No disponible,No disponible,"(6,99 €/KILO)"
Alimento para gatos senior As Dia bolsa 1.5 Kg,https://www.dia.es/mascotas/gatos/p/204128,https://www.dia.es/product_images/204128/204128_ISO_0_ES.jpg?imwidth=392,"3,89 €",No disponible,No disponible,"(2,59 €/KILO)"
Alimento para gatos esterilizados con salmón Ultima bolsa 1.5 Kg,https://www.dia.es/mascotas/gatos/p/194764,https://www.dia.es/product_images/194764/194764_ISO_0_ES.jpg?imwidth=392,"10,49 €",No disponible,No disponible,"(6,99 €/KILO)"
Alimento para gatos con atún/salmón/trucha Gourmet caja 300 g,https://www.dia.es/mascotas/gatos/p/184840,https://www.dia.es/product_images/184840/184840_ISO_0_ES.jpg?imwidth=392,"3,05 €",No disponible,No disponible,"(10,17 €/KILO)"
Alimento para gatos varios sabores Gourmet caja 300 g,https://www.dia.es/mascotas/gatos/p/184832,https://www.dia.es/product_images/184832/184832_ISO_0_ES.jpg?imwidth=392,"3,05 €",No disponible,No disponible,"(10,17 €/KILO)"
Alimento para gatos senior esterilizados Ultima bolsa 800 g,https://www.dia.es/mascotas/gatos/p/183315,https://www.dia.es/product_images/183315/183315_ISO_0_ES.jpg?imwidth=392,"6,19 €",No disponible,No disponible,"(7,74 €/KILO)"
Snack para gatos party mix ocean Felix bolsa 60 g,https://www.dia.es/mascotas/gatos/p/175779,https://www.dia.es/product_images/175779/175779_ISO_0_ES.jpg?imwidth=392,"1,87 €",No disponible,No disponible,"(31,17 €/KILO)"
Alimento para gatos doble sabor Gourmet lata 8 x 85 g,https://www.dia.es/mascotas/gatos/p/168697,https://www.dia.es/product_images/168697/168697_ISO_0_ES.jpg?imwidth=392,"6,79 €",No disponible,No disponible,"(9,99 €/KILO)"
Alimento para gatos con pollo Gourmet lata 85 g,https://www.dia.es/mascotas/gatos/p/161138,https://www.dia.es/product_images/161138/161138_ISO_0_ES.jpg?imwidth=392,"0,85 €",No disponible,No disponible,"(10,00 €/KILO)"
Snack para gatos party mix original Felix bolsa 60 g,https://www.dia.es/mascotas/gatos/p/155564,https://www.dia.es/product_images/155564/155564_ISO_0_ES.jpg?imwidth=392,"1,87 €",No disponible,No disponible,"(31,17 €/KILO)"
Snack para gatos con pollo Catisfaction bolsa 60 g,https://www.dia.es/mascotas/gatos/p/155539,https://www.dia.es/product_images/155539/155539_ISO_0_ES.jpg?imwidth=392,"1,99 €",No disponible,No disponible,"(33,17 €/KILO)"
Snack para gatos con salmón Catisfaction bolsa 60 g,https://www.dia.es/mascotas/gatos/p/155538,https://www.dia.es/product_images/155538/155538_ISO_0_ES.jpg?imwidth=392,"1,99 €",No disponible,No disponible,"(33,17 €/KILO)"
Alimento para gatos adultos sabor pollo Ultima bolsa 1.5 Kg,https://www.dia.es/mascotas/gatos/p/153020,https://www.dia.es/product_images/153020/153020_ISO_0_ES.jpg?imwidth=392,"9,95 €",No disponible,No disponible,"(6,63 €/KILO)"
Alimento para gatos junior Purina one bolsa 450 g,https://www.dia.es/mascotas/gatos/p/152244,https://www.dia.es/product_images/152244/152244_ISO_0_ES.jpg?imwidth=392,"3,19 €",No disponible,No disponible,"(7,09 €/KILO)"
"Alimento para gatos sabor salmón, atún y verduras Brekkies bolsa 1.5 Kg",https://www.dia.es/mascotas/gatos/p/151720,https://www.dia.es/product_images/151720/151720_ISO_0_ES.jpg?imwidth=392,"4,95 €",No disponible,No disponible,"(3,30 €/KILO)"
Mousse para gatos mix Gourmet lata 8 x 85 g,https://www.dia.es/mascotas/gatos/p/130337,https://www.dia.es/product_images/130337/130337_ISO_0_ES.jpg?imwidth=392,"6,79 €",No disponible,No disponible,"(9,99 €/KILO)"
Finas láminas surtidas en salsa para gatos Gourmet bolsa 4 x 85 g,https://www.dia.es/mascotas/gatos/p/115081,https://www.dia.es/product_images/115081/115081_ISO_0_ES.jpg?imwidth=392,"3,79 €",No disponible,No disponible,"(11,15 €/KILO)"
Alimento para gatos esterilizados rico en buey Purina one bolsa 800 g,https://www.dia.es/mascotas/gatos/p/114374,https://www.dia.es/product_images/114374/114374_ISO_0_ES.jpg?imwidth=392,"5,79 €",No disponible,No disponible,"(7,24 €/KILO)"
Barritas con fruta para periquitos Biazoo bolsa 60 g,https://www.dia.es/mascotas/otros-animales/p/288261,https://www.dia.es/product_images/288261/288261_ISO_0_ES.jpg?imwidth=392,"1,39 €",No disponible,No disponible,"(23,17 €/KILO)"
